3752 5834
45 360 159 439 Ι(ιοοι,
177 375 275 420 n—u.
288 357 402 436 roomo.)
652 353 877 416 PLATONIGAE
897 351 1155 428 QUAESTIONFS.
1628 376 1703 430 τετε

49 504 131 566 ἐστὶ
147 511 214 566 τοῦ
228 510 286 566 θεοῦ
304 503 392 586 μόνον,
407 503 476 564 ἀλλδι
489 503 536 566 καλ
550 503 639 588 μίρος,
658 506 712 566 οὐδ’
725 505 770 566 ὑπ’
783 506 879 584 αῦταῦ,
921 517 1236 581 omoeutusqueporttoepo,
1246 519 1454 584 nonopusmodo,
1463 521 1505 576 sed
1514 523 1539 574 et
1548 537 1602 588 pnrs
1610 523 1705 590 duur,

52 591 150 656 ἀλλὰ
170 594 229 654 καί
243 592 293 654 ἀπ’
305 595 385 654 αὐτοῦ
399 591 445 654 καὶ
458 592 486 664 ἐξ
498 595 577 654 αὐτοῦ
592 591 705 674 γέγονεν.
921 615 1001 667 neque
1011 603 1043 654 ui)
1053 603 1107 670 ipso
1115 604 1191 668 tuoto,
1203 604 1246 656 sod
1257 605 1323 658 etde
1336 607 1423 672 ipsunt
1433 622 1463 660 ex
1473 610 1526 674 ipso
1537 611 1638 666 exstitit.

378 874 539 942 ΖΗΤΗΜΑ
559 877 601 940 Γ.
868 919 872 927 -
1193 880 1371 955 QUAESTIO
1391 883 1445 943 ΙΙΙ.

111 1041 146 1102 I.
177 1038 234 1098 Ἐν
247 1041 280 1118 τῇ
295 1033 423 1119 Πολιτεία
436 1037 534 1117 (γοῦν),
546 1043 592 1097 τοῦ
603 1035 701 1106 παντδς
715 1035 805 1121 ὥσπερ
817 1047 879 1115 μιᾶς
953 1041 973 1089 1.
989 1041 1017 1090 ln
1027 1037 1156 1103 Republica
1165 1039 1285 1090 Universo
1296 1046 1433 1105 oompuruiu
1445 1043 1513 1092 iinete
1524 1043 1548 1092 in
1558 1040 1639 1108 paries
1651 1047 1708 1098 ium-

28 1157 45 1196 ρ,
63 1131 224 1212 γραμμῆς
232 1123 397 1204 τετμημένης
405 1127 441 1192 εἰς
450 1123 529 1184 ἄνισα
537 1124 681 1204 τμήματα,
689 1125 769 1186 πάλιν
778 1125 880 1205 τάμνων
923 1127 1006 1190 quales
1015 1127 1076 1177 ditiis
1085 1131 1166 1189 susim,
1178 1133 1305 1193 uitantque
1315 1143 1413 1180 rursum
1420 1130 1444 1180 iti
1454 1129 1513 1182 dues
1520 1132 1603 1184 eadem
1614 1148 1709 1199 propur-

62 1217 221 1298 έχάτςρον
231 1219 325 1292 τμῆμα
338 1215 374 1280 εἰς
388 1210 433 1274 δύο
447 1211 497 1272 ἀνὰ
510 1211 555 1272 τὸν
566 1212 644 1274 αὐτὸν
657 1213 745 1295 λόγον,
756 1213 786 1274 τό
795 1238 823 1274 το
834 1221 880 1274 τοῦ
923 1216 988 1265 iioue
1004 1219 1082 1279 portes
1096 1216 1194 1280 dividit,
1205 1221 1231 1268 et
1245 1231 1322 1282 quum
1343 1231 1427 1268 eurum
1443 1211 1499 1282 oure
1520 1221 1639 1284 videniur,
1656 1227 1709 1274 tum

66 1303 231 1389 δρωμένου
244 1300 316 1384 γένος
330 1301 376 1361 καὶ
392 1300 423 1360 τὸ
442 1307 488 1361 τοῦ
501 1299 648 1379 νοουμένου·
668 1303 729 1385 περὶ
746 1301 781 1362 τὰ
794 1301 881 1362 πάντα
923 1315 1007 1354 eorum
1027 1317 1083 1366 qum
1092 1309 1173 1355 mente
1190 1305 1241 1355 solu
1252 1304 1417 1368 intelliguntur
1431 1319 1517 1368 genem
1527 1309 1651 1358 eonstituit
1663 1325 1669 1358 ι
1681 1313 1710 1360 ut

63 1392 223 1465 ποιήσας,
237 1395 283 1448 τοῦ
301 1387 349 1468 μὲν
370 1394 462 1462 νοητοῦ
477 1393 581 1470 πρῶτον
604 1389 754 1474 ἀποφαίνει,
771 1389 801 1450 τδ
820 1391 882 1473 περὶ
923 1395 1300 1462 sintpuottuoromnia:eorum
1307 1411 1363 1460 qum
1370 1403 1450 1450 menie
1459 1398 1633 1464 inieiiiguniur,
1642 1402 1709 1465 prius

64 1484 108 1542 τὰ
123 1483 238 1562 τιμῶντα
252 1477 323 1552 εῐδη,
338 1476 456 1559 δεύτερον
475 1477 505 1536 τδ
524 1477 718 1556 μαθηματικόν·
737 1485 783 1540 τοῦ
796 1480 819 1538 δ’
839 1483 881 1538 oi·
923 1483 1068 1548 genusquod
1075 1485 1242 1548 oompieotiiur
1253 1484 1710 1550 primasiurmus‚ulturummuthemati·

25 1600 53 1640 tu
67 1574 187 1643 σθητοῦ
202 1570 308 1651 πρῶτον
324 1564 372 1644 μὴν
385 1563 419 1624 τδ
431 1564 571 1647 στερέμνια
585 1565 712 1646 σώματα,
723 1567 841 1650 δεύτερον
853 1567 881 1628 δὲ
923 1589 979 1627 eom
990 1591 996 1626 :
1007 1589 1150 1640 eorumquae
1158 1578 1304 1640 sentiuntur,
1316 1577 1381 1641 prius
1390 1577 1454 1640 quod
1464 1579 1571 1630 eontinet
1579 1580 1654 1630 solide
1663 1594 1711 1632 oon

66 1659 124 1727 τδς
149 1656 265 1724 εἰκόνας
287 1655 333 1715 καὶ
350 1652 384 1713 τδ
403 1651 499 1714 είδωλα
518 1653 625 1715 τούτων·
669 1659 699 1735 (α)
725 1656 770 1716 καλ
790 1657 885 1739 κριτή·
923 1665 1107 1730 poru,nlterum
1117 1665 1183 1731 quud
1197 1667 1248 1717 visu
1256 1668 1281 1718 ei
1293 1666 1409 1730 imagines
1420 1678 1513 1717 eurum.
1532 1667 1566 1732 (ι)
1576 1669 1711 1732 Unicuique

72 1771 137 1831 ριον
156 1745 273 1826 ἑκάστῳ
286 1747 340 1804 τῶν
352 1741 484 1825 τεττάρων
499 1742 658 1804 ἀποδίδωσιν
672 1744 746 1818 ἴδιον,
761 1753 820 1806 νοῦν
833 1744 880 1825 μὴν
923 1767 996 1820 porro
1008 1754 1094 1804 horum
1103 1767 1217 1818 generum
1229 1768 1297 1806 suum
1307 1755 1357 1806 rim
1366 1768 1415 1820 quo
1423 1756 1585 1821 perciperetur
1596 1757 1710 1821 utqueiu-

70 1840 115 1920 τῷ
126 1832 256 1918 πρώτῳ,
268 1831 384 1892 διάνοιαν
395 1829 422 1890 δὴ
436 1833 476 1914 τῷ
488 1835 680 1915 μαθηματικῷ,
693 1836 747 1901 τοῖς
756 1833 778 1892 δ’
789 1835 882 1906 αἰσθη-
924 1842 1045 1894 diceretur
1055 1843 1198 1908 assignavit,
1214 1843 1292 1908 primo
1306 1849 1425 1907 mentem,
1440 1845 1609 1896 mathematico
1620 1843 1711 1896 iuteiis·

72 1933 136 1992 τοῖς
150 1921 262 1995 πίστιν,
280 1917 398 1981 εἰκασίαν
418 1916 446 1979 δδ
459 1927 513 1988 τοῖς
526 1919 588 2003 περὶ
605 1918 640 1980 τδ
658 1920 756 1981 είδωλα
774 1920 821 1981 καί
835 1920 882 1991 τὰς
924 1932 1004 1994 otum,
1012 1931 1141 1982 sensilibus
1149 1930 1231 1994 iidem,
1241 1931 1377 1982 simnisoris
1387 1936 1413 1983 et
1423 1931 1484 1984 vinis
1494 1932 1663 1996 uornjesturem.
1677 1934 1712 1998 (³)

35 2037 61 2078 ιο
74 2013 203 2080 εἰκόνας.
249 2008 352 2090 (α)ιΤί
361 1998 405 2068 οῦν
420 2007 562 2082 διανοηθεὶς
574 2011 610 2078 τίς
618 2007 697 2069 άνισα
710 2008 839 2088 τμήματα
852 2009 882 2070 τδ
928 2019 1087 2084 οαιαιοίιιιτ
1095 2019 1340 2086 οοὶιιιιειθι,οιιαιιι
1348 2023 1539 2072 Universomtn
1550 2023 1712 2085 parmenu-
1750 2029 1753 2036 ’

77 2111 138 2162 πᾶν
154 2099 256 2179 ἔτεμες
270 2097 316 2158 καλ
326 2095 436 2180 πότερον
449 2100 502 2157 τῶν
512 2097 668 2177 τμημάτων,
680 2096 712 2156 τδ
721 2097 839 2172 νοητδνὴ
852 2097 882 2158 τὸ
925 2109 1017 2174 quotes
1026 2107 1177 2160 dividerem
1188 2111 1285 2160 etutro
1293 2109 1379 2172 maior
1389 2111 1437 2172 est,
1453 2109 1560 2162 sumitis
1569 2111 1711 2162 antemitt-

78 2188 231 2264 αἰσθητὸν,
247 2184 335 2267 μεῖζόν
350 2189 434 2261 ίστινς
449 2212 462 2239 ν
476 2185 553 2254 αὐτὸς
566 2185 617 2268 γὰρ
630 2188 660 2246 οὐ
674 2185 814 2258 δεδήλωκε.
924 2197 1034 2260 pidilisr’
1050 2196 1102 2261 ipse
1112 2196 1176 2248 enim
1188 2196 1438 2262 huononexpiimvit.

123 2299 150 2342 ι.
174 2275 258 2348 Δόξει
273 2277 296 2335 δ’
309 2272 416 2335 αὐτόθεν
432 2272 479 2353 μὲν
494 2264 559 2334 εἶναι
571 2279 658 2354 μεῖζον
671 2274 702 2354 τδ
717 2275 848 2348 αἰσθητόν·
863 2280 880 2348 ἡ
955 2288 980 2336 i.
997 2289 1029 2336 iit
1040 2285 1118 2348 primo
1133 2284 1232 2350 quidum
1249 2284 1336 2336 obtutu
1353 2285 1430 2350 molor
1440 2284 1552 2336 videntur
1568 2297 1622 2337 osse
1631 2286 1712 2350 portio

80 2367 137 2450 γδιρ
154 2363 306 2448 ἀμέριστος
318 2361 394 2423 οὐσία
407 2361 453 2422 καί
462 2361 532 2423 κατά
544 2362 638 2423 ταῦτδν
648 2361 774 2433 ὡσαύτως
784 2362 882 2445 ἔχουσα
924 2373 1027 2424 ueneriis.
1059 2375 1120 2426 itum
1129 2373 1272 2425 divisionem
1284 2387 1333 2424 non
1344 2373 1489 2438 admittens,
1505 2373 1638 2439 eodemque
1651 2387 1712 2426 seur·

40 2487 69 2526 υυ
82 2460 143 2515 τῶν
157 2456 280 2529 νοητῶν,
298 2450 368 2512 ἐστίν
383 2453 419 2520 εἰς
434 2450 520 2534 βραχὺ
535 2451 684 2531 συνηγμένη
690 2454 744 2515 ,καί
758 2453 880 2535 καθαρόν·
926 2475 967 2526 por
978 2462 1051 2513 modo
1062 2461 1485 2526 hubensnuturuinteiiigiiriiium,in
1494 2466 1713 2514 urotumuontruuts

84 2547 103 2615 ή
117 2539 148 2602 δδ
162 2538 305 2612 σκεδαστὴ
316 2538 377 2622 περὶ
390 2536 425 2598 ud
438 2537 551 2619 σώματα
562 2539 608 2600 καὶ
621 2539 784 2623 περιπλανὴς
795 2541 826 2602 τὸ
841 2545 882 2602 ei·
924 2552 996 2602 estet
1006 2565 1066 2615 pum
1077 2565 1084 2601 :
1096 2565 1124 2602 ou
1133 2564 1189 2616 qum
1200 2549 1311 2616 dissipuri
1323 2551 1413 2602 eiroum
1425 2563 1524 2615 ourporn
1534 2554 1613 2614 potest
1621 2555 1646 2600 et
1655 2549 1712 2601 irino

84 2631 188 2702 σθητδν
201 2627 347 2711 παρέσχεν.
390 2629 420 2705 (ι)
430 2623 548 2701 Ἐτι,τδ
560 2627 608 2707 μὲν
620 2627 761 2708 ἀσώματον
771 2628 883 2712 πέρατος
925 2637 1088 2702 ἰοδανοτοεί,
1104 2638 1218 2690 sensilem
1229 2643 1322 2706 portem
1342 2639 1456 2704 pmbuit.
1490 2638 1525 2703 (⁵)
1538 2638 1630 2690 Deinde
1647 2638 1711 2702 quod

86 2721 198 2792 οἰκεῖον,
211 2717 247 2778 τὸ
260 2714 288 2777 δί
302 2719 381 2796 σῶμα
394 2721 427 2797 τῇ
439 2715 487 2795 μὲν
501 2715 550 2796 ῦλη
566 2716 673 2800 ἄπειρον
691 2716 738 2778 καί
751 2717 881 2799 ἀόριστον,
925 2737 1025 2790 oorpore
1041 2728 1123 2789 voest,
1141 2740 1188 2779 suo
1208 2727 1346 2780 sentinetur
1361 2726 1484 2778 termino:
1501 2739 1591 2790 eorpus
1607 2726 1712 2778 meterius

87 2807 221 2881 αἰσθητὸν
238 2803 267 2866 δὲ
280 2802 423 2884 γινόμενον,
435 2803 498 2863 ὅταν
508 2808 599 2887 ὁρισθῇ
612 2810 712 2888 μετοχῇ
722 2812 768 2866 τοῦ
779 2811 882 2880 νοητοῦ.
925 2812 1017 2863 rutione
1025 2811 1145 2863 infinitum
1158 2819 1195 2868 mr
1208 2817 1282 2879 atque
1292 2815 1437 2864 immensum
1454 2829 1461 2864 :
1476 2813 1566 2864 sensile
1576 2818 1657 2865 nutem
1668 2812 1696 2863 iit
1703 2851 1711 2877 ,

48 2920 74 2960 τε
89 2896 122 2974 (e)
133 2891 219 2972 Ἔτι,
235 2891 358 2974 καθάπερ
375 2893 461 2951 αὐτῶν
473 2894 525 2951 τῶν
542 2895 672 2965 αἰσθητῶν
685 2892 795 2955 ἕκαστον
810 2893 882 2955 εθιδ-
925 2900 1022 2965 quondo
1034 2901 1197 2966 perudpunds
1209 2903 1289 2953 mente
1299 2901 1419 2953 doiinitur.
1452 2901 1487 2967 (e)
1503 2905 1635 2964 Praetereo,
1648 2902 1712 2953 sieut

87 3005 135 3052 νοις
154 2981 216 3064 ἔχει
239 2979 344 3048 πλείους
356 2978 402 3040 καλ
416 2977 492 3047 σκιδς
506 2978 552 3038 καί
570 2979 680 3055 εἴδωλα,
694 2981 739 3040 καί
753 2979 819 3052 tin<
837 2985 882 3063 ἀφ’
925 2989 1031 3054 ipsu-um
1038 3003 1118 3040 rerum
1126 2989 1250 3048 sensilium
1258 2990 1494 3055 qumvisoompiures
1503 2989 1576 3040 nubet
1586 2991 1711 3055 imagines,

90 3070 147 3140 δνδς
157 3068 379 3153 παραδείγματος
391 3067 541 3146 πάμπολλα
554 3068 699 3148 μιμήματα
707 3068 824 3150 γίνεσθαι
837 3071 882 3133 καί
925 3079 1056 3129 umhrsset
1066 3079 1207 3140 simulitum,
1218 3081 1242 3128 et
1253 3078 1367 3130 universe
1376 3078 1462 3130 abono
1473 3079 1602 3142 exemptari
1610 3079 1713 3143 pumm-

90 3157 168 3238 φύσει
180 3157 230 3218 καὶ
240 3154 320 3237 τέχνῃ
328 3153 435 3215 δυνατόν
442 3157 523 3233 ἐστιν,
532 3153 614 3222 οὕτως
621 3157 723 3236 ἀνάγκη
729 3155 764 3217 sd
772 3161 882 3219 ἐνταῦθα
925 3169 951 3216 tu
960 3167 1070 3230 exemplu
1081 3165 1133 3219 uui
1142 3171 1229 3216 netum
1239 3168 1312 3232 utque
1322 3169 1374 3218 erte
1385 3169 1488 3232 possum
1500 3183 1506 3218 :
1519 3168 1553 3218 itu
1566 3181 1664 3218 neeesse
1675 3171 1713 3219 est

90 3249 143 3306 τῶν
156 3245 215 3306 ἐκεῖ
233 3242 329 3314 πλήθει
342 3240 483 3324 διαφέρειν,
495 3241 565 3302 nard
575 3243 619 3304 τὸν
631 3243 782 3320 Πλάτωνα,
794 3268 884 3328 παρα-
926 3269 981 3320 quse
991 3255 1030 3306 irio
1047 3257 1117 3318 sunt,
1130 3254 1285 3306 multitudine
1295 3255 1326 3306 iis
1334 3268 1390 3320 qum
1401 3255 1456 3307 istie
1470 3258 1530 3308 sunt
1543 3259 1671 3321 praestum,
1682 3255 1714 3306 de

53 3359 80 3400 τυ
92 3331 226 3413 δείγματα
244 3329 289 3390 καί
303 3327 417 3398 itineri
429 3327 510 3402 νοητὰ
522 3333 575 3390 τῶν
589 3333 729 3407 αἰσθητῶν,
741 3331 831 3418 ὥσπερ
846 3336 884 3395 εἰ·
925 3343 1031 3395 Pistoris
1042 3344 1173 3406 utentis,
1184 3342 1227 3409 qui
1234 3344 1357 3395 sensilium
1366 3357 1446 3407 rerum
1458 3348 1572 3409 unquam
1583 3345 1713 3395 turmarum

91 3419 175 3481 τείνων
185 3418 204 3493 ἢ
215 3419 370 3501 ἐμφάσεων,
380 3415 575 3496 ὑποτιθέμενον.
620 3421 651 3500 (7)
660 3415 735 3494 Ἔτι,
746 3424 797 3481 τῶν
808 3424 882 3482 εἰδῶν
926 3433 951 3482 in
960 3431 1061 3483 muteris
1069 3445 1238 3497 expressorum
1250 3431 1345 3496 species
1354 3433 1437 3497 (ideus
1446 3433 1497 3497 ipso
1510 3433 1589 3496 romi)
1600 3434 1626 3483 et
1634 3445 1713 3483 exem·

94 3509 185 3581 νάησιν
199 3507 228 3578 i}
245 3503 406 3588 ἀφαιρέσεως
418 3504 465 3566 καὶ
477 3511 622 3588 oropum-ii<
636 3504 758 3586 σώματος
771 3509 882 3589 ἐπάγει,
926 3519 1002 3585 ρΙοτίο
1021 3533 1076 3571 esso
1094 3533 1135 3571 res
1158 3519 1320 3582 intelligibiles
1339 3520 1431 3570 stutnit.
1464 3521 1499 3582 (7)
1511 3523 1625 3570 ceterum
1646 3519 1713 3570 Pinio

96 3601 192 3678 τῇτῶν
203 3593 371 3676 poenituimus
380 3592 452 3662 τοίὶει
461 3593 647 3664 καταὸιὸάζων
656 3594 709 3656 erre
718 3603 765 3668 τῆς
775 3599 885 3677 άριθμη·
925 3607 1107 3670 inuuigmtnm
1127 3606 1237 3658 idearum
1257 3620 1300 3672 per
1313 3605 1473 3657 inductionem
1489 3606 1579 3670 ouiiigit
1595 3606 1714 3659 ablutione

98 3689 172 3756 ταιῆς
183 3683 229 3744 iuri
243 3679 415 3763 γεωμετρίαν,
432 3671 488 3741 εἶτα
503 3679 571 3760 μετὰ
582 3681 681 3754 ταύτην
696 3683 737 3742 ἐπ’
755 3686 882 3764 άστρολο-
925 3697 950 3746 et
961 3694 1030 3758 quusi
1041 3691 1223 3744 circumcisione
1235 3692 1356 3757 eorporis,
1372 3706 1415 3757 per
1431 3693 1610 3757 disoipiinurum
1625 3693 1713 3756 gmdus

62 3801 86 3842 tt
99 3772 167 3852 γίαν,
182 3773 229 3832 ἐπὶ
244 3769 344 3839 πάσαις
357 3768 385 3829 ei
401 3769 449 3843 τὴν
463 3769 607 3852 ἁρμονικὴν
620 3768 706 3838 τιθείς·
720 3770 819 3851 γίνεται
836 3773 883 3851 μὲν
926 3795 971 3832 uos
992 3779 1112 3832 deducens
1132 3779 1163 3831 sb
1178 3779 1329 3830 unthmedou
1342 3779 1374 3829 ud
1392 3780 1557 3842 geometriam,
1570 3780 1626 3830 hino
1645 3780 1676 3830 od
1687 3794 1712 3831 s·

100 3858 150 3942 γδρ
163 3859 197 3921 τδ
212 3857 263 3940 μίν
274 3855 509 3940 γεωμετρούμενα,
523 3863 569 3917 τοῦ
581 3863 664 3918 ποσοῦ
682 3857 789 3937 μέγεθος
801 3881 884 3940 προσ·
926 3868 1075 3930 strologium,
1085 3867 1189 3931 denique
1200 3866 1230 3917 sd
1242 3867 1358 3917 musicum
1370 3880 1413 3917 seu
1422 3867 1586 3918 irsrmonioum
1596 3868 1711 3922 deducit:

100 3948 234 4017 λαὸάντος·
256 3945 291 4006 τδι
309 3944 337 4005 δδ
357 3945 466 4028 στερεδ,
486 3951 533 4006 τοῦ
552 3943 674 4024 μεγέθους
698 3945 783 4025 βάθος·
804 3945 838 4005 τὰ
861 3947 883 4006 δ’
927 3969 982 4006 num
992 3955 1141 4018 geometrice
1156 3953 1269 4005 fluntres
1279 3953 1444 4016 magnitudine
1458 3953 1488 4004 sd
1507 3969 1712 4007 numerumnune-

104 4033 344 4118 δστρολαγοιίμενα,
357 4039 403 4094 τοῦ
415 4039 519 4117 στερεοῦ
531 4033 642 4106 κίνησιν·
654 4032 689 4093 τδ
701 4032 729 4094 δὲ
740 4033 883 4116 ἁρμονικά,
927 4044 1012 4106 dente;
1020 4042 1113 4104 soiidto,
1121 4041 1249 4093 umedento
1259 4042 1417 4104 magnitudini
1427 4042 1711 4106 orossitio;estroiogiuae,

103 4127 140 4206 τῷ
159 4121 305 4204 κινονμάνῳ
324 4121 429 4201 σώματι
444 4127 531 4206 φωνῆς
547 4121 764 4205 προσγενομένης·
779 4125 809 4202 (o)
826 4123 884 4183 ὅθεν
926 4144 1001 4194 quum
1013 4133 1142 4181 moventur
1161 4129 1251 4192 νοῦσος
1271 4129 1429 4192 harmonicus,
1447 4131 1488 4182 ubi
1500 4136 1592 4181 motum
1605 4133 1713 4195 sequitur

69 4212 271 4294 ουδφαιροῦντις
280 4209 369 4294 φωνὴν
379 4207 426 4288 μίν
435 4215 487 4270 τῶν
498 4209 667 4290 κινουμένων,
678 4210 781 4284 κίνησιν
794 4211 822 4272 δδ
831 4217 884 4272 τῶν
926 4233 1010 4270 sonus.
1043 4218 1078 4282 iti)
1089 4221 1145 4278 Quo
1153 4217 1182 4269 tit
1190 4219 1342 4270 utsirooem
1354 4217 1539 4280 motis,motum
1550 4217 1713 4281 solidis,orue

106 4304 226 4382 στερεῶν,
243 4299 320 4379 βάθος
332 4297 360 4358 δὲ
372 4304 424 4360 τῶν
438 4298 577 4373 ἐπιπέδων,
590 4299 606 4330 *
618 4297 725 4378 μίγεθος
736 4298 764 4358 δὲ
772 4304 824 4360 τῶν
835 4325 885 4361 πο-
926 4308 1006 4360 siiiem
1030 4306 1214 4372 superficiebus,
1235 4306 1425 4370 magnitudinem
1447 4307 1544 4371 quantis
1565 4307 1711 4367 adimemus,

107 4389 167 4459 σῶν,
178 4389 205 4446 lu
213 4384 471 4465 αῦταῖςγενησάμεθα
479 4394 536 4454 ταῖς
544 4393 649 4458 νοηταῖς
659 4384 884 4466 ἰδίαις,οιίδεμίαν
926 4398 975 4460 ium
986 4397 1010 4446 in
1023 4395 1083 4460 ipsis
1096 4396 1172 4446 simus
1185 4394 1375 4458 intelligibilibus
1386 4393 1460 4456 ideis,
1476 4408 1533 4459 qum
1544 4395 1646 4444 invicem
1663 4395 1713 4444 uui·
1780 4399 1782 4404 '

109 4471 228 4556 διαφορὰν
240 4472 362 4554 ἐχούσαις
374 4472 438 4554 πρδς
453 4473 569 4546 ἀλλήλας
580 4473 650 4533 κατὰ
662 4473 693 4532 τδ
704 4472 731 4533 δν
749 4473 795 4534 καὶ
807 4474 885 4551 μόνον
927 4483 975 4535 ium
985 4484 1144 4534 differentium
1154 4482 1244 4533 hubent
1252 4483 1345 4532 retiooe
1356 4482 1434 4533 tinius
1445 4487 1471 4532 et
1481 4482 1559 4533 soiius
1570 4481 1636 4546 quod
1650 4495 1712 4532 meu·

110 4559 249 4638 ιοοθμενον·
291 4563 322 4642 (ο)
337 4564 366 4620 οὐ
380 4560 431 4643 γδιρ
439 4565 511 4621 ποιεῖ
521 4559 602 4640 μονάς
616 4561 734 4644 ἀριθμὸν,
749 4561 780 4621 δν
791 4561 828 4640 μὴ
839 4569 886 4636 τῆς
927 4571 1103 4634 teuouoipiiur.
1137 4571 1171 4632 (9)
1186 4573 1238 4621 Non
1254 4569 1456 4620 onimnumorum
1473 4569 1552 4620 unitus
1566 4570 1652 4630 edicit,
1665 4570 1711 4620 nisi

77 4667 102 4710 ιι
112 4645 214 4729 ἀπείρου
233 4647 325 4716 δυάδος
339 4648 448 4732 ἅψηται·
468 4647 602 4721 ποιήσασα
619 4648 647 4708 δδ
666 4648 748 4718 οὕτως
765 4650 885 4731 ἀριθμὸν,
927 4659 1075 4710 infinitumsi
1085 4659 1185 4721 suingar
1196 4656 1441 4720 binarium3sioiucto
1452 4657 1711 4722 numero,sdpunotu,

112 4735 145 4802 εἰς
163 4735 284 4815 στιγμάς,
304 4727 361 4796 εἶτα
379 4737 520 4819 γραμμὰς,
536 4739 566 4797 ἐκ
584 4736 612 4797 δὲ
625 4734 724 4798 τούτων
738 4739 775 4805 εἷς
788 4740 886 4818 ἐπιφα-
928 4755 979 4798 tum
1000 4747 1087 4805 lineus,
1107 4745 1194 4797 deiude
1221 4746 1373 4810 superficies,
1394 4745 1528 4806 urussitios,
1547 4759 1603 4795 mox
1628 4757 1710 4807 eorpo-

112 4819 177 4889 νιίας
195 4821 240 4883 καί
259 4823 327 4905 βάθη
348 4823 394 4884 καί
412 4824 525 4902 σώματα
547 4821 664 4906 πφάιισι,
687 4824 734 4884 καί
754 4825 884 4902 σωμάτων
927 4849 967 4898 ra,
983 4837 1009 4885 et
1023 4834 1150 4898 qualitates
1166 4846 1293 4898 corporum
1312 4833 1452 4884 uiieutorum
1466 4833 1625 4899 progreditur.
1660 4835 1709 4897 (10)

113 4907 246 4984 ποιότητας
261 4915 289 4972 δν
305 4913 400 4973 πάθεσι
415 4911 566 4992 γινομίνων.
609 4914 655 4993 (ιο)
672 4909 749 4986 Ἔτι,
767 4916 819 4972 τῶν
837 4911 885 4992 μὲν
928 4927 1001 4973 Porro
1011 4925 1091 4972 sutem
1103 4933 1158 4985 qum
1169 4926 1250 4972 mente
1260 4925 1399 4982 cernuntur,
1408 4922 1504 4972 uuioum
1517 4923 1607 4974 hubent
1615 4939 1664 4988 quo
1672 4925 1710 4988 iu·

81 5001 205 5070 εοναητῶν
218 4998 884 5085 tvxpreipovivommtptpterdonensem
927 5012 1169 5072 dioentor,mentem.
1200 5010 1410 5062 Intellectuseuim
1421 5013 1709 5063 monsontiumutiromu·

117 5085 142 5140 tu
158 5087 207 5155 τοῖς
227 5095 433 5168 μαθηματικοῖς,
452 5087 541 5170 ῶσπερ
559 5093 585 5150 iv
604 5088 774 5172 κατόπτροις,
793 5091 885 5170 ίμφαι·
904 5093 907 5166 ξ
927 5097 994 5158 ticio,
1008 5099 1030 5148 in
1048 5098 1151 5162 quibus,
1168 5099 1232 5160 siout
1249 5097 1273 5149 in
1289 5099 1406 5163 speculis,
1425 5101 1540 5163 nppuront
1558 5101 1641 5151 iormm
1659 5101 1709 5152 sois

118 5171 224 5248 νομένων
237 5181 287 5235 τῶν
300 5181 409 5250 νοητῶν.
452 5180 496 5258 (ιι)
508 5177 574 5240 Ἐπὶ
586 5176 614 5237 δὲ
627 5176 675 5251 τὴν
689 5181 741 5236 τῶν
754 5177 884 5256 σωμάτων
928 5187 1151 5238 muntecemeudae¹
1185 5186 1278 5252 (inid
1289 5201 1417 5251 corporum
1429 5200 1485 5238 vero
1494 5188 1708 5252 cognitionsm‚ob
