3752 5834
22 425 321 502 (ωηο-μυεηλλ
634 433 763 495 BRUTA
791 437 961 502 RATIONE
983 445 1058 510 UTI.

22 579 100 634 μεν-
116 556 189 634 ipat<
203 553 230 615 δὲ
243 553 291 628 τὴν
306 555 401 629 ἡδονὴν
416 559 515 634 μᾶλλον
529 557 547 632 l.
561 559 591 620 ιθ
605 561 674 622 κατδι
688 564 765 646 φύσιν
776 571 824 639 τῆς
868 581 957 642 ptatem
968 585 1061 650 potius,
1076 600 1150 652 quum
1165 591 1258 644 σείσειε
1270 597 1414 649 eunreniens
1422 599 1561 654 alimentum
1571 617 1649 670 perse·

21 649 140 726 τροςφῆς
154 641 306 722 διώκοντες,
320 644 371 704 ὑπὸ
384 648 488 705 πολλῶν
502 647 548 706 καί
562 653 670 732 μακρῶν
684 653 823 723 κολάζεσθε
867 669 1228 734 quimini,multisaediutumis
1237 683 1371 736 multsminl
1378 689 1477 750 morbis,
1484 692 1526 755 <pri
1534 694 1649 760 tanquam

21 730 209 808 νοσημάτων,
232 732 299 812 άπερ
318 735 348 792 ἐκ
368 744 429 812 μιᾶς
449 740 536 814 πηγῆς
560 739 757 818 ἐπαντλούμενα
776 749 823 816 τῆς
868 757 1004 822 unoaliquo
1015 775 1044 811 ex
1056 762 1122 815 ionte
1137 766 1233 832 hausti,
1248 772 1409 837 abundantia,
1420 785 1600 842 eorpusumnis
1611 799 1649 848 ge

21 820 198 898 πλησμονῆς
210 825 264 887 τοῖς
280 820 402 899 σώμασι,
416 825 591 884 παντοδαπῶν
605 828 762 904 πνευμάτων
776 831 822 891 καί
867 845 931 894 neris
945 845 1042 900 flatibus
1058 855 1189 917 expurgatu
1205 855 1343 910 difficilibus
1358 863 1458 926 replent.
1491 867 1524 931 (3)
1542 871 1648 924 Primum

23 906 229 988 δυσκαθάρτων
248 911 315 985 ὑμᾶς
328 907 485 983 ἐμπίπλησι.
529 913 559 989 (ι)
576 915 684 995 Πρῶτον
705 914 752 994 μέν
771 917 822 999 γάρ
866 931 930 981 enim
940 935 1081 989 unicuilibet
1090 941 1200 993 animalis
1211 946 1290 1006 generi
1300 960 1371 998 snum
1380 954 1419 1000 est
1428 943 1548 1015 qrroddnm
1559 972 1647 1023 sugna-

19 994 146 1054 ἑκάστω
159 995 227 1074 γένει
239 995 305 1076 ζῴου
320 995 368 1073 μία
382 997 464 1079 τροφὴ
480 997 612 1080 σύμφυλός
624 1005 694 1076 ἐστι,
708 1006 762 1073 τοῖς
776 1005 822 1083 μὲν
866 1021 1018 1073 turnnaturae
1025 1025 1524 1103 alimentummllisheroa,aliisrslix,snt
1533 1045 1646 1098 tructus:

18 1081 107 1156 πόσε,
127 1053 180 1150 ἀοῖς
199 1080 226 1141 δί
246 1083 303 1166 ῥίζα
316 1107 354 1151 τις
371 1083 512 1166 ἢκαρπός·
531 1087 580 1148 όσα
596 1087 624 1148 δὲ
643 1099 821 1176 σαρκοφαγεῖ,
866 1111 890 1156 et
906 1121 961 1170 quae
975 1123 1045 1164 came
1061 1122 1200 1182 vescuntur,
1218 1121 1311 1175 nullum
1326 1124 1391 1174 aliud
1406 1128 1512 1180 alimenti
1529 1147 1604 1196 genus
1620 1151 1648 1188 ea

17 1169 103 1250 πρὸς
118 1170 189 1229 οὐδὲν
204 1171 269 1230 ἄλλο
283 1169 407 1252 τρέπεται
424 1176 502 1256 βορᾶς
515 1165 595 1248 είδος,
606 1178 659 1236 οὐδ’
672 1181 821 1264 ἀφαιρεῖται
865 1197 993 1259 appetunt,
1009 1213 1087 1266 neque
1103 1203 1275 1260 infirmioribus
1292 1211 1409 1274 pabulum
1421 1216 1527 1280 eripiunt
1543 1237 1549 1270 :
1565 1223 1606 1273 sed
1623 1230 1648 1276 et

17 1262 86 1316 τῶν
109 1258 299 1340 ἀσθενεστέρων
316 1257 365 1332 τὴν
379 1261 487 1342 τροφήν·
510 1263 568 1322 ἀλλ’
585 1267 617 1345 ἐᾷ
634 1265 758 1346 νέμεσθαι
776 1271 821 1330 καί
865 1295 962 1334 cerrum
975 1289 1038 1350 pasci
1050 1291 1107 1340 sinit
1117 1291 1168 1357 leo,
1182 1295 1287 1360 etlupns
1298 1313 1382 1364 ovem,
1392 1306 1594 1366 quemadmodum
1607 1327 1646 1364 na·

1 1345 104 1405 ιλέων
120 1344 224 1427 ἔλαφον,
238 1347 284 1406 καί
297 1345 374 1415 λύκος
387 1349 531 1428 πρόόατον,
546 1357 563 1432 ᾑ
576 1351 698 1435 πέφυκεν,
741 1360 772 1436 (ι)
786 1358 821 1420 ‘0
864 1371 920 1420 turn
935 1373 1028 1424 sutnlt.
1062 1377 1277 1441 (llilnmoautem
1294 1387 1356 1447 gulae
1366 1390 1391 1439 et
1402 1391 1551 1456 voluptatum
1566 1400 1647 1450 studio

17 1433 46 1492 δ’
70 1432 214 1514 ἅνθρωπος
228 1433 273 1493 ἐπὶ
289 1435 378 1494 πάντα
396 1439 454 1506 ταῖς
474 1439 578 1510 ἡδοναῖς
593 1442 644 1500 ὑπὸ
661 1444 821 1528 λαιμαργίας
863 1453 895 1504 ad
905 1459 1122 1526 omnisselsrens,
1132 1468 1215 1518 omnin
1227 1472 1334 1535 tentans,
1345 1478 1427 1528 omnia
1439 1483 1551 1545 gradens,
1564 1491 1593 1536 nt
1609 1490 1646 1538 sui

16 1521 207 1601 ἐξαγόμενος,
217 1523 263 1583 καὶ
275 1523 435 1607 πειρώμενος
445 1525 550 1588 πάντων
560 1529 605 1590 καί
616 1533 818 1612 ἀπογευόμενος,
863 1543 987 1597 sinaturse
994 1547 1069 1611 ipsius
1076 1555 1241 1606 onnseniantis
1250 1557 1347 1621 ignarus
1353 1563 1646 1636 etiamnumnutnimenti,

15 1613 60 1678 ὡς
77 1608 188 1669 οὐδέπω
207 1609 238 1670 τὸ
255 1611 402 1695 πρόσφορον
420 1613 466 1676 καί
485 1617 578 1678 οίκιῖον
596 1619 727 1698 ἐγνωκὼς,
743 1621 819 1700 μόνος
864 1631 1458 1704 oolusinteromnisanimalinomnibusreseitur.
1492 1658 1527 1721 (5)
1539 1662 1645 1713 Primum

16 1697 128 1776 γέγονε
144 1701 195 1756 τῶν
209 1697 290 1757 ὄντοιν
309 1699 462 1782 παμφάγον.
506 1705 541 1782 (ο)
563 1706 618 1765 Καί
632 1707 708 1790 σαρξί
720 1716 819 1857 χρῆται
863 1719 1146 1788 utituraarrdbus,nnlln
1155 1734 1255 1794 oogente
1265 1735 1645 1813 inopia‚nullapenurin;quum

15 1789 149 1865 πρῶτον,
163 1784 208 1842 ὑπ’
222 1787 343 1862 οὐδεμιᾶς
354 1787 464 1870 ἀπορίας
476 1791 528 1850 οὐδ’
542 1794 710 1875 ἀμηχανίας,
733 1855 738 1880 γ
765 1798 819 1858 πά-
863 1804 932 1859 lineet
942 1809 965 1859 ei
976 1813 1063 1873 quovis
1072 1818 1179 1880 ternpore
1189 1820 1416 1880 aliosesaminibus
1427 1831 1451 1880 et
1461 1833 1549 1895 plantis
1563 1835 1646 1889 deuer-

17 1895 125 1953 ρεπεν
137 1871 180 1931 ἀεὶ
193 1876 252 1932 καθ’
266 1871 336 1955 ὥραν
357 1875 426 1934 ἀλλα
441 1876 483 1934 ἐπ’
504 1877 592 1947 ἀλλοις
603 1881 655 1941 ἀπδ
668 1887 754 1964 φυτῶν
772 1884 818 1947 καί
861 1905 918 1955 pere
937 1896 963 1944 et
982 1896 1131 1952 vindemiare
1148 1903 1230 1966 cibos,
1249 1911 1403 1966 multitudine
1422 1931 1544 1984 nunqnam
1565 1924 1644 1989 ipsum

17 1959 196 2042 σπερμάτων
209 1965 338 2043 ,must-‚m
350 1961 394 2023 ml
414 1963 577 2042 χαμςᾶςοςῃ
591 1967 638 2028 καὶ
651 1971 817 2056 δρεπομένῳ,
862 1978 982 2032 detectura
996 1985 1057 2036 :sed
1067 1987 1176 2053 luxuria,
1188 1995 1214 2044 et
1224 1996 1333 2050 satietate
1344 2007 1546 2071 necessariorum,
1556 2013 1645 2066 elimas

18 2049 62 2128 μὴ
80 2047 195 2108 κάμπη
209 2047 251 2108 διὰ
264 2055 370 2123 πλῆθος·
384 2053 444 2111 ἀλλ’
454 2053 504 2112 ὑπὸ
518 2060 617 2138 τρυφῆς
625 2056 670 2117 καὶ
681 2058 758 2140 κόρου
765 2065 817 2122 τῶν
861 2069 887 2118 et
897 2069 1001 2133 pollutas
1012 2074 1120 2127 enimus
1135 2080 1274 2136 animalium
1286 2100 1354 2140 eseas
1367 2095 1483 2157 ιεοίείιιτ,
1495 2097 1644 2153 immanitate

17 2107 195 2216 ἀναγκάίων,
205 2136 314 2220 βρώσεις
326 2139 520 2212 ἀνεπιτηδείους
528 2143 575 2202 καί
584 2147 613 2204 οὐ
623 2145 740 2229 καθαράς
750 2173 817 2231 σφα·
860 2156 933 2208 etiam
943 2160 1273 2223 smrissimmrineensierns.
1307 2175 1341 2240 (ο)
1350 2182 1452 2244 sanguis
1462 2186 1558 2238 enimet
1566 2190 1644 2242 caedm

1 2230 90 2302 ‘pa't'c
108 2223 182 2294 ζώων
198 2223 399 2308 μετερχόμενος,
420 2228 487 2288 πολύ
502 2233 554 2290 τῶν
575 2234 744 2315 ἀγριοπσίτων
767 2245 816 2312 θη-
862 2245 1064 2301 αθεετιιοοιαῖίιο
1070 2252 1266 2318 ,lnpo,draooni
1275 2267 1419 2319 oonreniens
1429 2274 1486 2323 sunt
1493 2278 1517 2322 et
1527 2279 1643 2330 naturalis

18 2315 95 2395 ρίωο
110 2285 250 2394 ὠμότερον.
313 2315 345 2392 (a)
368 2305 443 2394 Αἷμα
462 2315 536 2398 [μὲν]
552 2317 602 2402 γάρ
616 2321 662 2380 καί
680 2322 755 2406 φόνος
770 2326 814 2388 καὶ
860 2331 942 2396 nibus,
960 2335 1053 2388 homini
1071 2345 1153 2393 autem
1168 2345 1304 2400 obsonium.
1337 2353 1427 2408 Deinde
1439 2373 1514 2421 quum
1531 2367 1643 2418 omnibus

17 2402 129 2482 σάρκες
143 2399 232 2482 ἰκτίνῳ
250 2401 295 2461 καί
313 2401 385 2486 λύκῳ
403 2402 449 2463 καί
468 2405 589 2487 δράκοντι
610 2409 690 2470 σιτίον
711 2415 815 2489 οἰκεῖον,
859 2425 941 2470 ulatur
957 2426 1097 2491 generibus,
1118 2444 1167 2481 non
1187 2433 1250 2486 stom
1264 2435 1350 2490 bestiae
1371 2456 1386 2492 ο
1408 2445 1517 2508 plurimis
1537 2451 1643 2507 abstinet

18 2487 163 2570 ἀνθρώπω
175 2489 198 2546 δ’
211 2487 273 2571 ὄψον
288 2487 368 2550 ἐστίν,
408 2488 523 2553 Ἔπειτα
536 2497 615 2556 παντὶ
629 2499 697 2577 γένει
710 2500 816 2582 χρώμς.
860 2505 944 2571 homo,
955 2513 1036 2575 pannis
1044 2517 1139 2568 tautum
1148 2519 1357 2579 obnsesssitatern
1367 2533 1507 2586 nutrimenti
1519 2537 1620 2592 Infestus
1634 2557 1640 2591 :

16 2601 83 2651 νος,
98 2547 163 2656 οὐχ’,
175 2580 210 2645 ὡς
220 2575 253 2637 τδι
268 2577 344 2658 θηρία
352 2623 360 2652 ,
369 2581 422 2638 τῶν
428 2579 557 2642 πλείστων
565 2584 707 2667 ἀπέχεται,
720 2590 815 2670 ὀλίγοις
858 2595 901 2646 ted
912 2611 990 2662 ειοφιιε
1001 2601 1111 2655 arisulln
1120 2605 1216 2670 (nerito
1224 2611 1331 2679 dante),
1341 2630 1419 2683 οεσιισ
1430 2620 1455 2671 in
1464 2625 1532 2686 aquis
1539 2625 1640 2694 degens,

17 2665 49 2726 δὲ
66 2666 187 2743 πολεμεῖ
204 2664 247 2724 διὰ
267 2665 315 2738 τὴν
330 2671 376 2739 τῆς
389 2671 485 2751 τροφῆς
499 2671 623 2750 ἀνάγχην·
638 2676 696 2735 ἀλλ’
710 2675 769 2737 οὔτε
789 2702 814 2739 τι
858 2683 1101 2741 θθίίθθίθθηῖίθθῐλθ
1111 2693 1200 2746 allinit!
1209 2697 1287 2750 ullum
1301 2703 1387 2768 θίίθζίί
1402 2711 1560 2765 rmtrusillss

16 2752 139 2826 πιηνὸν,
160 2749 218 2812 οὔτε
231 2759 335 2828 νηκτόν,
352 2758 388 2822 ὡς
401 2754 462 2826 ἔπος
483 2761 574 2834 εἰπεῖν,
596 2761 654 2822 ούτε
674 2774 812 2848 χερσαῖον,
857 2770 965 2836 bffl'ffl
976 2775 1287 2852 hmilfflffliffldfflffls
1301 2803 1406 2845 mm·

16 2839 175 2922 ἐκπέφευγε
187 2839 234 2908 τύξ
244 2843 357 2924 ἡμέρως
370 2841 403 2918 δὴ
416 2845 560 2926 λεγομένας
573 2851 646 2930 ὓμίῖιι
659 2852 705 2912 καί
717 2855 814 2938 921⁰&-

16 2953 86 2998 νοος
98 2926 237 3011 τραπέζας.

63 3018 124 3078 ΙΧ.
148 3006 298 3078 Εἷεν·“ἀλλ’
319 3017 395 3100 ὄψοις
410 3025 511 3102 χρῆσθε
529 3023 628 3094 τούτοις
646 3029 813 3112 ἐφηδύνοντες

16 3104 74 3178 τὴν
91 3103 201 3187 τροφήν·
212 3105 239 3165 τί
249 3097 293 3166 ούν
307 3107 349 3166 ἀπ’
360 3109 429 3168 αὐτὰ
440 3117 525 3171 ταῦτα
539 3112 584 3194 [⁴¹⁴¹
595 3117 725 3200 φῶντας];
741 3120 811 3182 Ἀλλ’

17 3198 35 3266 ἡ
51 3195 112 3252 τῶν
126 3191 222 3273 θηρίων
230 3193 353 3276 φρόνησις
361 3199 412 3256 τῶν
423 3195 471 3276 μὲν
482 3200 621 3281 ἀχρήστων
635 3204 681 3263 καί
692 3209 811 3284 ματαίων

16 3285 130 3363 τεχνῶν
149 3282 257 3364 οὐδεμιᾷ
270 3281 362 3367 χώραν
379 3283 479 3346 δίδωσι·
497 3289 581 3357 τδιςῶ
601 3294 745 3374 ἀναγκαίοις
764 3301 811 3358 οὐκ

17 3367 200 3437 ἐπεισάκτους
212 3369 277 3452 παρ’
298 3369 402 3454 ἑτέρων,
416 3373 475 3434 οὐδὲ
490 3383 582 3454 μισθοῦ
598 3380 734 3458 διδακτός,
750 3387 808 3447 οὐδὲ
854 3408 911 3462 dnm
925 3415 1045 3480 cognitas,
1055 3419 1095 3469 val
1105 3421 1262 3478 meditatione
1272 3411 1393 3491 glutinans
1408 3435 1504 3500 singula
1520 3455 1637 3509 parmqnn

17 3459 152 3517 κολλῶσα
161 3455 256 3538 μελέτῃ
268 3458 314 3517 καί
325 3461 533 3538 συμπηγνύουσα
542 3464 734 3550 γλίοχρεοττῶι
744 3478 809 3534 diw-
853 3499 944 3551 obintns
951 3505 1164 3569 contemplationes
1172 3511 1585 3592 inlersnonrnpingensnandsoitur,
1593 3533 1637 3584 sed

1 3543 353 3628 ’ρημᾶτωθὲῑθστθθπθὸῖ
366 3547 486 3624 ἕκαστον,
500 3553 677 3616 ἆδδάὖτύθῑθ
691 3557 810 3636 έίαῧιῆς
853 3589 958 3638 enatura
967 3590 1173 3655 habatgermanns
1182 3600 1207 3650 et
1215 3605 1329 3664 οοςιιειαε
1340 3611 1413 3672 atque
1424 3611 1523 3673 profert.
1555 3617 1636 3682 (illli-

17 3625 78 3692 οἷον
91 3635 216 3711 ἰθαγενεῖς
227 3633 272 3693 καί
284 3635 433 3718 συμφύτους
444 3639 593 3701 ἀναδίδωσι.
638 3648 669 3725 (s)
682 3647 751 3718 Τοδς
761 3650 808 3730 μὲν
853 3665 947 3729 gyptius
955 3670 1084 3724 universos
1092 3676 1222 3731 niuntessa
1231 3681 1338 3735 medieas
1349 3701 1355 3735 :
1367 3691 1393 3744 st
1402 3702 1459 3742 vero
1467 3695 1571 3757 quodvis
1579 3698 1636 3750 bru·

17 3721 76 3802 ld?
97 3719 257 3798 Αἰγυπτίους
275 3721 375 3791 πάντας
394 3725 497 3808 ἰατρούς
516 3727 645 3810 ἀκούομεν
664 3725 739 3794 εἶναι·
756 3742 808 3799 τῶν
854 3757 905 3804 tnnn
914 3755 1001 3808 animal
1011 3765 1203 3816 noniantnmex
1215 3773 1372 3823 ιοιοετίεεθ
1384 3779 1517 3833 sanandum
1530 3791 1567 3836 est
1575 3801 1635 3851 proe·

17 3807 47 3868 δὲ
65 3803 141 3890 ζῴων
157 3807 266 3870 ἕκαστον
282 3811 312 3869 ού
335 3809 413 3890 μόνον
427 3815 492 3898 πρὸς
516 3815 585 3877 ίασιν
603 3820 757 3903 αὐτότεχνόν
778 3828 807 3884 ἒ·
852 3839 944 3904 ditum,
960 3845 1003 3895 sed
1019 3847 1092 3898 etism
1112 3851 1255 3910 alimentum
1274 3863 1410 3926 querendi,
1427 3868 1503 3920 robur
1521 3877 1646 3942 parnudl,v

17 3919 90 3969 στιν,
106 3895 174 3956 ἀλλά
191 3897 236 3957 καί
250 3897 316 3980 πρδς
328 3900 469 3986 διατροφὴν
483 3902 529 3964 καί
542 3905 606 3986 πρὸς
619 3907 711 3983 ἀλκὴν,
727 3912 807 3995 θήραν
851 3927 950 3980 adversa
963 3932 1115 3999 destinandi,
1137 3944 1303 3998 eonvenientm
1318 3953 1455 4019 querendi,
1473 3961 1546 4024 atque
1561 3965 1634 4016 stiam

0 4009 47 4043 ,τε
70 3981 117 4042 καί
135 3984 262 4066 φυλακὴν,
281 3985 327 4046 καί
345 3995 472 4066 μουσικῆς
489 3991 548 4052 όσον
563 3993 667 4079 ἑκάστῳ
679 4001 807 4079 προσήκει
851 4015 880 4065 nd
893 4019 1015 4084 musicen,
1032 4035 1076 4086 pro
1091 4026 1163 4077 moda
1179 4031 1267 4096 cuique
1292 4037 1458 4096 animalium
1473 4053 1557 4100 natura
1574 4065 1634 4115 prae·

17 4071 94 4132 κατὰ
108 4071 193 4153 φύσιν.
235 4077 265 4150 (τί
282 4073 364 4158 Παρία
377 4075 445 4147 τίνος
459 4078 510 4163 γάρ
523 4086 600 4161 ἡμεῖς
618 4085 749 4164 ἐμάθομεν
763 4114 808 4151 νο-
826 4121 831 4229 γ
850 4105 946 4168 scripto.
965 4108 999 4171 (3)
1006 4112 1278 4179 Numaqundidlclmns
1286 4125 1351 4187 porci
1357 4133 1633 4208 ,quandoaegrntamus‚

17 4167 129 4227 σοῦντες
138 4159 246 4229 έπίτοδς
255 4163 387 4242 ποταμούς
395 4165 473 4248 χάριν
482 4171 669 4252 τῶνκαρκίνων
680 4176 805 4255 βαδίζειν;
849 4191 880 4242 ad
888 4193 1286 4260 tiuviuindeseendersoanororurn
1295 4213 1463 4278 capiendorum
1472 4225 1563 4286 gratini
1573 4231 1633 4287 Quis

16 4247 59 4314 τίς
75 4245 103 4306 δὲ
118 4245 165 4314 τάς
176 4247 293 4329 χελώνας
307 4250 421 4326 ἐδίδαξε,
437 4259 483 4326 τῆς
497 4254 578 4336 άχευις
586 4259 742 4405 φαγούσας,
756 4266 805 4339 τὴν
850 4279 932 4331 docuit
942 4284 1078 4338 testudines
1088 4289 1209 4345 devoratis
1216 4298 1306 4361 viperis
1316 4303 1441 4366 ongannm
1452 4314 1537 4373 postea
1547 4315 1632 4368 edere?

16 4333 142 4416 ὀρίγανον
157 4337 302 4416 ἐπεσθίειν;
316 4336 363 4408 τδις
378 4337 405 4399 δὲ
423 4341 558 4423 Κρητικός
572 4369 588 4404 α
601 4369 666 4426 γας,
681 4347 743 4410 όταν
757 4377 805 4414 πε·
849 4369 909 4425 Quis
923 4371 1001 4436 enpris
1017 4376 1175 4432 Cretensibus
1191 4388 1318 4452 tempii,
1337 4395 1364 4441 nt
1380 4394 1472 4456 sagittis
1487 4397 1541 4450 istm
1557 4402 1631 4455 dicin-

16 4421 150 4506 ριπέσυισι
168 4433 225 4508 τοῖς.
243 4425 401 4505 τοξεύμασι,
422 4430 452 4490 τδ
474 4430 614 4510 δίκταμνον
639 4435 751 4514 διώκειν,
774 4436 805 4503 οδ
849 4468 1630 4550 ιιιιιιιιοφυεετειιθ,φυοοοωεειοουεφῖθεεοιοῖθιιυθῖ(4)Βίοιιῖειι

16 4507 165 4594 βρωθέντος
179 4511 337 4574 ἐκόάλλουσι
349 4514 397 4585 τάς
413 4517 519 4593 ἀκίδας;
535 4523 578 4602 (ι)
592 4521 639 4582 Ἂν
651 4522 703 4608 γάρ
717 4527 804 4611 εἴπῃς,
848 4541 1053 4606 dissentaneum
1060 4553 1113 4615 est,
1122 4555 1206 4606 hurum
1214 4573 1293 4610 rerum
1303 4565 1630 4642 magistramesaenntumm,

14 4598 30 4657 ὃ
48 4597 94 4676 (τι)
107 4595 200 4670 ἀληθές
213 4602 282 4673 ἐστι,
294 4601 392 4662 τούτων
406 4604 564 4668 διδάσκαλον
578 4604 645 4670 εἶναι
658 4612 706 4684 τὴν
718 4614 802 4698 φύσιν,
848 4629 972 4684 brutorum
984 4635 1165 4702 intelligentiam
1174 4646 1247 4698 refers
1256 4649 1287 4699 sd
1296 4653 1439 4718 principium
1448 4662 1558 4713 omniurn
1570 4680 1631 4730 prm·

15 4688 55 4750 ti<
77 4685 126 4758 τὴν
144 4685 308 4769 κυριωτάτην
324 4688 371 4751 καί
389 4694 544 4774 σοφωτάτην
564 4696 648 4780 ἀρχὴν
667 4702 803 4786 ἀναφέρεις
847 4718 944 4782 nipunm
960 4725 1032 4787 atque
1047 4728 1259 4792 sapientissimum.
1293 4738 1326 4803 (5)
1341 4745 1403 4793 Tum
1423 4745 1444 4796 si
1458 4747 1528 4800 istam
1544 4752 1629 4804 intelli·

13 4772 66 4844 τὴν
84 4776 137 4832 τῶν
159 4774 255 4857 θηρίων
275 4775 412 4861 φρόνησιν·
433 4783 463 4860 (ι)
478 4782 511 4856 ἣν
533 4786 556 4844 εί
570 4785 608 4864 μὴ
628 4787 704 4868 λόγον
719 4791 801 4854 οίεσθε
846 4808 950 4869 gentiam
968 4823 1015 4861 non
1027 4813 1157 4878 θῖφτιειιιίιιῖ
1173 4822 1274 4874 rationis
1285 4826 1328 4876 tut
1342 4827 1503 4896 intelligentiae
1519 4842 1627 4906 nomine,

1 4890 3 4914 e
15 4863 71 4920 δεῖν
82 4860 150 4940 μηδὲ
161 4861 286 4945 φρόνησιν
294 4867 393 4946 καλεῖν,
406 4866 464 4950 ὥρα
478 4873 583 4932 σκοπεῖν
598 4874 680 4953 ὄνομα
694 4879 800 4942 κάλλιον
845 4897 940 4959 tempus
953 4905 991 4950 est
1002 4905 1029 4950 ut
1039 4903 1237 4970 circumspicientis
1248 4911 1279 4963 de
1288 4917 1384 4968 nomine
1398 4921 1444 4971 alio
1458 4924 1592 4979 ltonostinre
1603 4936 1628 4982 et

15 4949 86 5028 αὐτῇ
97 4947 142 5007 καί
149 4948 313 5036 τιμιώτερον,
324 4951 414 5037 ὥσπερ
423 4957 517 5036 ἀμέλει
529 4961 574 5021 καὶ
588 4963 620 5021 δι’
633 4963 715 5045 ίργων
725 4968 800 5048 ἀμεί·
844 4985 996 5050 augustiore3
1006 4989 1069 5040 siout
1082 4993 1195 5045 nimirum
1208 5011 1234 5048 re
1248 5000 1322 5052 etiarn
1332 5001 1384 5068 ipsa
1396 5010 1501 5061 ostendit
1510 5017 1626 5080 majorem

14 5059 78 5094 νονα
92 5035 139 5097 καί
151 5041 367 5126 θαυμασιωτέραν
380 5044 525 5129 παρέχεται
534 5048 582 5123 ’τὴν
592 5051 711 5132 δύναμιν·
725 5057 740 5088 ⁴⁸
752 5061 800 5118 οὐκ
844 5070 1095 5141 admirabilioramqua
1104 5081 1242 5136 laenitatem
1252 5089 1299 5139 sibl
1310 5101 1377 5155 esee,
1388 5108 1437 5146 nnn
1453 5099 1520 5152 rudis
1536 5105 1578 5154 aut
1590 5105 1626 5156 in-

15 5122 138 5203 ἀμαθὴς,
158 5128 213 5188 οὐδ’
235 5130 402 5207 ἀπαίδευτος,
422 5137 574 5216 αὐτομαθὴς
593 5140 621 5200 δέ
639 5165 679 5210 τις
699 5147 799 5222 μᾶλλον
843 5157 1102 5231 doetn,sedaseipsa
1112 5168 1183 5222 docta
1194 5176 1220 5223 et
1229 5175 1288 5227 nihil
1300 5181 1623 5252 erunssdmideransmnn

1566 2749 1574 2777 ν
1586 2730 1641 2781 (1⁰²⁶

887 3061 929 3111 11.
945 3063 1052 3118 Estohls
1061 3069 1348 3131 rmotsonislnlelorss
1355 3081 1455 3136 ιοθθειο
1465 3087 1541 3142 oinos.
1574 3094 1640 3152 Quid

856 3159 912 3211 ergo
921 3149 946 3199 ln
957 3149 1010 3202 hasa
1018 3152 1070 3216 ipsa
1078 3153 1163 3220 [omits
1173 3161 1305 3226 eupiditate
1314 3169 1429 3235 seriisle
1438 3175 1484 3226 sed
1498 3177 1637 3234 animalium

855 3234 981 3288 brutorum
993 3241 1084 3293 nrrllnm
1094 3243 1205 3299 inutilem
1217 3253 1261 3303 aut
1267 3251 1364 3308 inanem
1380 3260 1485 3313 admittit
1494 3270 1569 3318 artem
1581 3284 1636 3334 pru·

854 3321 954 3374 dentla:
971 3331 1117 3382 necessarias
1125 3346 1173 3384 non
1189 3337 1220 3388 ab
1233 3339 1287 3390 aliis
1299 3343 1452 3411 importatas,
1469 3356 1512 3402 aut
1528 3359 1638 3410 mercede

16 5213 45 5278 οἶ
55 5239 82 5274 ια
96 5214 143 5276 καί
160 5217 315 5298 ἀπροσδεὴς,
329 5222 359 5280 ού
374 5222 407 5281 δι’
421 5223 564 5301 ἀσθένειαν,
579 5227 648 5288 ἀλλὰ
661 5230 737 5314 ῥύμῃ
752 5235 797 5296 καὶ
842 5247 874 5298 ob
890 5241 1090 5319 imbecillitatem
1100 5257 1143 5308 sed
1154 5265 1252 5326 propter
1266 5269 1381 5320 naturalis
1393 5270 1489 5326 rimulis
1501 5279 1622 5341 persentio
