3840 5844
92 379 360 466 (αππιαν-ο.)
462 379 771 454 οιτπετιοινιιιι
792 381 1116 447 οοννινιιιιιιι
1144 375 1228 450 urs.
1251 389 1309 464 νι,
1332 403 1359 453 ο.
1662 406 1718 458 οτι

91 522 159 590 ζειν·
174 514 244 575 ἄλλα
257 512 309 596 γὰρ
322 511 410 580 ἄλλοις
423 509 513 595 ῶσπερ
532 512 729 591 ἀναλαμὺοίνειν
743 514 789 574 καί
801 538 885 576 κατα·
932 527 1014 590 putes
1031 527 1142 582 inibimus
1159 529 1291 596 dissipetur
1308 533 1373 585 :eliu
1388 535 1453 586 euim
1473 536 1528 588 aliis
1542 541 1570 588 ιι
1583 536 1721 591 renuuntur

90 607 204 670 λύεσθαι
214 603 340 687 πίρυκεν.
931 618 1035 669 nutursli
1048 620 1154 684 ratione,
1167 620 1200 671 ilo
1210 619 1283 672 etiam
1292 622 1423 676 laeduniur.

335 865 580 926 sponsiliis
606 860 651 926 0¹.
1182 883 1387 956 QUAESTIO
1412 888 1468 948 lX.

92 1020 146 1084 Διδι
160 1018 189 1080 τί
204 1024 219 1080 b
232 1017 344 1093 ποιητλς
360 1018 404 1078 ἐπί
418 1017 466 1098 μέν
478 1021 530 1078 τῶν
543 1017 630 1078 ἄλλων
645 1021 729 1100 ὑγρῶν
743 1023 797 1086 τοῖς
814 1019 887 1087 ἰδίοις
934 1037 986 1084 cur
1007 1037 1090 1086 Poeta
1109 1034 1221 1102 reliquls
1244 1037 1392 1104 liquoribus
1417 1041 1567 1105 poeolioree
1589 1040 1719 1104 adjiciens

125 1106 257 1177 ἐπιθέτοις
266 1112 380 1192 χρῆται,
396 1107 474 1188 μόνον
491 1105 518 1167 δέ
532 1107 563 1167 rb
578 1106 665 1168 ἔλαιον
679 1106 758 1191 ὑγρδν
771 1111 855 1170 καλεῖ.
961 1113 1169 1178 appellationes,
1183 1115 1268 1168 oleum
1279 1116 1415 1170 duntaxat
1425 1118 1565 1172 Ιιαηιίιίκοιι
1575 1118 1684 1170 illumi.

237 1267 426 1328 ΠΡΟΣΩΠΑ
447 1267 525 1326 ΤΟΥ
545 1267 745 1329 ΔΙΑΛΟΓΟΥ.
1115 1273 1299 1338 PERSONAE
1321 1275 1536 1352 COLLOQUH.

312 1433 532 1492 Πιονιλνκοε,
552 1431 662 1480 eruor.
1171 1449 1388 1511 rrursscrrus,
1409 1419 1484 1494 λιιι.

69 1611 82 1650 5
134 1582 156 1641 l.
181 1571 320 1656 Ἦποριίθη
338 1569 403 1633 ποτδ
421 1569 467 1632 καί
485 1568 529 1632 διδ
544 1570 570 1632 τί
587 1573 692 1632 πολλῶν
707 1574 793 1656 ὑγρῶν
804 1571 885 1633 όντων
961 1585 981 1634 1.
993 1583 1149 1646 Dispuioium
1160 1583 1290 1648 aliquando
1304 1583 1363 1647 luit,
1374 1599 1426 1647 our,
1442 1598 1520 1650 quum
1536 1585 1606 1638 mulii
1621 1587 1670 1636 siul
1690 1585 1717 1636 li·

94 1665 128 1728 τίι
144 1665 195 1746 μὲν
207 1663 278 1724 ἄλλοι
292 1663 346 1731 τοῖς
358 1660 432 1730 ἰδίοις
446 1659 571 1729 ἐπιθέτοις
587 1665 601 1720 ὑ
615 1659 727 1735 ποιητλς
742 1660 827 1723 εἰώθει
841 1687 885 1724 κο-
929 1675 1143 1736 quotes,el1³oeio
1152 1667 1717 1739 solitussltsingulossuisornu'reepiiheiis,luo

94 1765 186 1836 σμεῑν,
198 1753 230 1814 τὺ
242 1751 313 1834 γόλα
326 1775 355 1812 τε
365 1749 469 1823 λευκόν,
479 1748 526 1838 καί
539 1747 569 1809 τδ
582 1747 643 1829 μέλι
655 1749 770 1834 χλωρδν,
784 1751 885 1812 καὶτὸν
929 1759 1026 1823 elbum,
1037 1759 1087 1812 mel
1098 1760 1203 1823 flevum,
1214 1761 1297 1812 vinum
1307 1761 1409 1813 rubrum
1418 1764 1560 1815 nominans:
1569 1763 1623 1814 oleo
1636 1767 1717 1814 lumen

94 1838 165 1906 οἶνον
179 1841 285 1928 ἐρυθρὸν
299 1843 398 1915 καλῶν,
413 1838 444 1899 τδ
455 1840 478 1899 δ’
491 1837 578 1900 ἔλαιον
595 1837 647 1898 ὑπδ
658 1844 744 1900 κοινοῦ
758 1845 805 1900 τοῦ
818 1849 885 1901 πᾶσι
929 1849 960 1900 ob
969 1849 1104 1914 eoquodei
1121 1863 1177 1900 oum
1188 1849 1301 1903 omnibus
1313 1849 1450 1916 liquoribus
1466 1853 1504 1904 esi
1518 1865 1661 1915 commune,
1674 1852 1717 1903 bu·

94 1931 298 2014 σομὸεύηκότος
311 1928 389 2009 μόνον
403 1931 523 1996 ἐπιεικῶς
531 1926 609 2008 ὑγρδν
624 1927 821 2012 προσαγορεύει.
853 1931 884 2010 (2)
929 1937 1386 2003 midioppellolionemsoliubluuxoril.
1420 1939 1454 2006 (ο)
1467 1939 1716 2002 λθὺοοὺἰοίιιοιίοίἰ,

57 2045 82 2085 ro
95 2025 145 2091 Εἰς
156 2027 235 2082 τοῦτο
248 2017 359 2101 ἐλέχθη,
371 2016 411 2078 ότι
425 2014 471 2077 καί
485 2013 647 2095 γλυκύτατόν
662 2018 719 2078 ἐστι
731 2017 762 2077 τδ
778 2019 810 2077 δι’
824 2017 885 2080 όλου
929 2025 997 2078 Sieul
1004 2025 1172 2078 dulcissimum
1181 2032 1219 2079 esi
1227 2025 1293 2093 quod
1300 2027 1544 2094 peuiluseiomnihus
1552 2029 1603 2081 suis
1609 2029 1718 2094 partibus

94 2109 253 2191 γλυκύκαί
265 2107 433 2180 λευκότατον,
447 2103 477 2165 τδ
492 2105 524 2164 δι’
539 2103 692 2166 δλουλευκό
712 2106 767 2166 ·δι’
782 2107 843 2169 όλου
858 2107 885 2169 δί
929 2113 1065 2177 δολωθείς
1080 2113 1245 2178 albissimum,
1264 2115 1328 2181 qood
1349 2117 1446 2182 ponitus
1464 2116 1547 2168 elbum
1559 2117 1664 2182 (penius
1681 2116 1718 2168 sio

93 2197 215 2260 τοιοῶτόν
229 2185 344 2280 iorum}
362 2193 444 2271 μηδὲν
463 2191 626 2274 ἐμμέμικται
643 2198 690 2268 τῆς
706 2195 823 2266 ἐναντίας
837 2196 885 2280 ρύ-
930 2203 1048 2268 intelligo,
1059 2203 1319 2257 utnihileioonirrriae
1330 2205 1424 2258 natue
1434 2204 1467 2270 sit
1478 2203 1717 2270 admotummuid

96 2310 178 2357 τινος·
193 2284 262 2347 οὑτοι
280 2281 308 2344 δέ
320 2281 367 2344 καλ
377 2281 407 2342 τὸ
422 2281 498 2362 ὑγρδν
518 2281 635 2361 μάλιστα
648 2281 748 2363 ῥητέον,
761 2277 792 2345 οὑ
804 2285 885 2365 μηθὲν
929 2304 1026 2354 quoquo
1042 2291 1149 2343 maxime
1165 2291 1295 2344 humidum
1310 2291 1357 2344 diei
1373 2291 1564 2362 ‹lebero‚voujus
1579 2293 1647 2344 uuile
1661 2305 1718 2358 pers

97 2377 178 2460 μέρος
186 2373 264 2458 ξηρόν
273 2376 341 2434 ἐστι·
355 2377 432 2432 τοῦτο
442 2369 469 2430 δὲ
479 2374 517 2453 τῷ
528 2369 609 2454 ἐλαίιρ
621 2370 784 2450 συμὸίὺηκε.
930 2379 991 2430 εἰσιν
1000 2379 1041 2430 sil.
1073 2383 1126 2430 Hoo
1134 2381 1216 2432 sulem
1225 2380 1279 2432 oleo
1286 2381 1406 2445 oongruii.

56 2498 81 2538 15
136 2469 178 2528 Π.
199 2467 311 2546 Πρῶτον
330 2461 377 2541 μὲν
400 2457 540 2534 ἡλειότης
557 2458 708 2534 αὑτοῦ-τὴν
731 2461 885 2541 ὁμαλότητα
960 2471 993 2520 ll.
1008 2468 1118 2520 Primum
1129 2468 1717 2534 enimlsrviieseJusoequsbiliiuiempertiumde·

97 2559 151 2617 τῶν
174 2552 272 2636 μορίων
291 2549 477 2612 ἐπιδείκνυται·
493 2549 507 2576 *
527 2548 560 2606 δι’
576 2545 637 2608 όλον
658 2545 710 2631 γδρ
731 2554 803 2630 αὑτῷ
818 2575 887 2630 σομ-
930 2559 1063 2619 monstret,
1072 2572 1149 2622 quum
1161 2562 1274 2610 oonisolu
1291 2571 1376 2610 omnes
1387 2558 1473 2610 eodem
1485 2559 1557 2610 modo
1571 2558 1664 2609 affectu
1677 2558 1717 2610 do·

97 2641 257 2724 ποιθεῖπρδς
269 2639 317 2713 τὴν
330 2641 438 2723 ψαῦσιν.
482 2636 515 2718 (τ)
527 2633 644 2698 Ἔπειτα
659 2637 762 2721 τῇόψει
775 2640 886 2724 παρέγει
930 2645 1116 2710 prebendarius.
1151 2647 1198 2712 (2)
1216 2647 1308 2699 Deinde
1324 2647 1442 2712 ianquum
1457 2647 1582 2712 speculum
1599 2646 1717 2697 intuentis

100 2731 286 2818 καθαρώτατον
304 2725 521 2809 ἐνοπτρίσασθαι·
534 2723 619 2808 τραχύ
637 2723 689 2809 γδιρ
710 2727 783 2788 οὐδέν
804 2733 885 2810 ἐστιν,
929 2733 1016 2786 sociem
1033 2734 1123 2799 optime
1143 2738 1313 2799 representem
1329 2735 1389 2785 oiiril
1400 2735 1500 2786 euimei
1516 2749 1629 2800 asperum
1640 2736 1717 2799 inest,

99 2821 168 2884 ώστε
186 2822 301 2902 διασπᾷν
321 2813 369 2890 τίγν
388 2813 555 2895 ἀνταύγειαν,
572 2815 631 2874 ἀλλ’
649 2814 702 2876 ἀπὸ
721 2816 819 2887 παντδς
838 2817 886 2898 με’-
929 2836 978 2888 quo
996 2822 1210 2888 resplendesceniiu
1222 2822 1304 2874 divelli
1322 2829 1421 2887 posset:
1434 2822 1518 2874 sedai
1531 2824 1597 2874 omni
1611 2823 1718 2887 parieob

56 2947 84 2988 w
101 2937 159 2996 ρους
175 2909 208 2970 δι’
226 2905 357 2990 ὑγρότητα
371 2903 418 2966 καὶ
432 2903 608 2986 σμικρότατον
623 2905 777 2990 ἀντανακλᾳ
791 2905 822 2967 τδ
834 2911 888 2990 ρῶς
930 2912 1099 2964 humiditatem
1109 2911 1180 2962 eiiam
1192 2911 1320 2962 minimum
1331 2909 1446 2976 quodque
1456 2910 1672 2964 lumeuudooulos
1684 2925 1718 2963 re·

99 3003 142 3063 ἐπὶ
153 2999 203 3074 τὴν
214 2998 283 3082 ὑψιν-
295 2995 385 3078 ώσπερ
397 2983 432 3054 αὑ
445 2992 603 3068 τούναντίον,
615 2992 645 3054 τί
655 2992 726 3074 γάλα
737 2999 789 3054 τῶν
802 2999 886 3080 ὑγρῶν
930 3001 1034 3052 ileoiilur
1050 3013 1056 3050 ι
1074 3000 1137 3050 sieut
1148 3005 1231 3050 oonlro
1246 3000 1284 3050 luo
1301 3000 1381 3051 solum
1403 3014 1435 3053 ex
1453 2999 1568 3052 omnibus
1583 3000 1718 3064 liquoribus

99 3091 178 3172 μόνον
198 3089 248 3150 οὑκ
269 3085 427 3168 ἐσοπτρίζει,
452 3083 552 3155 πολλῆς
574 3081 791 3164 ἀναμεμιγμένης
815 3087 887 3169 αὐτῷ
930 3089 1023 3155 speculi
1034 3102 1133 3141 munere
1144 3102 1192 3140 non
1200 3088 1316 3153 iungitur,
1328 3085 1537 3154 quodeimulium
1546 3089 1618 3141 terrei
1629 3094 1667 3141 est
1677 3089 1718 3140 ed·

99 3179 213 3262 γεώδους
230 3172 390 3241 συστάσεως.
432 3171 466 3253 (ο)
481 3167 544 3232 Ἔτι
556 3168 608 3251 [δέ]
618 3169 778 3251 κινούμενον,
789 3173 887 3247 ἥκιστα
931 3177 1045 3229 mixtum.
1077 3177 1110 3242 (3)
1119 3181 1195 3230 Porro
1207 3179 1287 3228 oleum
1300 3177 1325 3228 in
1336 3178 1572 3244 molumiuusquom
1581 3179 1646 3231 ulios
1658 3179 1719 3232 ulios

97 3275 178 3354 ψορεῖ
188 3269 242 3327 τῶν
255 3266 354 3348 ὑγρῶν·
366 3259 444 3344 ὑγρδν
457 3258 509 3342 γύρ
520 3261 576 3319 ἐστι
588 3259 688 3320 διόλου·
700 3263 751 3320 τῶν
763 3261 787 3320 δ’
800 3261 887 3323 ἄλλων
931 3267 1009 3330 liquor
1020 3267 1149 3331 strepitum
1158 3265 1221 3330 edit;
1233 3271 1271 3317 esi
1282 3267 1346 3317 euim
1358 3268 1454 3332 penitus
1465 3267 1593 3319 humidum
1607 3283 1613 3317 ε
1627 3272 1652 3318 ui
1665 3267 1719 3318 reli·

59 3390 84 3429 ς,
98 3363 124 3421 ἐν
139 3361 179 3440 τῷ
198 3358 252 3441 ῥεῖν
271 3352 317 3414 καλ
334 3350 458 3434 φέρεσθαι
474 3346 509 3407 τδι
527 3345 630 3430 σκληρδι
649 3347 695 3408 καί
714 3347 800 3428 γεώδη
820 3349 887 3433 μέρη
931 3369 1034 3420 quorum
1046 3356 1177 3408 humorum
1187 3355 1247 3406 dum
1258 3354 1609 3408 iuunleimoveoturdurseot
1618 3359 1720 3408 torrente

96 3444 290 3532 προσκρούσεις
302 3438 475 3520 λαμὺοίνοντα
488 3435 535 3498 καί
555 3435 660 3516 πληγδις
678 3437 810 3520 ψορεῖδιδι
823 3464 883 3522 τροι-
931 3449 1011 3511 partes
1020 3445 1157 3511 impingunt
1168 3447 1240 3509 eique
1252 3443 1487 3509 reliduntur‚eoquo
1499 3446 1628 3510 strepitum
1644 3444 1720 3496 edunt

98 3536 216 3622 γύτητο.
247 3533 282 3614 (ολ
296 3529 351 3594 Καὶ
366 3527 417 3608 μὴν
428 3525 505 3608 μόνον
518 3525 696 3608 ἀαρατότατον
711 3525 828 3606 διαμένει
842 3527 888 3588 καί
931 3533 963 3586 ob
974 3535 1136 3599 asperitatem.
1176 3533 1211 3598 (l)
1222 3533 1369 3592 Quinetiam
1380 3515 1550 3584 solumoleum
1562 3533 1719 3597 purissimum

101 3609 224 3706 ίματον·
235 3621 292 3682 ἔστι
302 3617 354 3701 γδρ
365 3615 537 3676 πυκνότατον·
547 3615 576 3674 οὐ
591 3612 642 3697 γὰρ
659 3613 713 3696 ἔχει
727 3615 824 3694 μεταξὺ
836 3620 888 3676 τῶν
932 3629 1027 3688 menei,
1040 3637 1084 3675 neo
1095 3622 1253 3688 permiscetur
1262 3621 1324 3672 eliis.
1357 3621 1719 3684 Eslenimdensissimum,ue·

100 3717 188 3796 ξηρῶν
204 3709 252 3772 καί
264 3710 369 3790 γεωδῶν
381 3709 407 3766 ἐν
421 3706 493 3786 αὑτῷ
513 3706 599 3786 μερῶν
616 3703 758 3782 κενώματα
774 3704 820 3764 καλ
838 3705 888 3766 πό·
932 3713 1062 3777 quehubel
1075 3709 1533 3774 intersioosselierreslresinseipso
1549 3713 1630 3772 paries
1642 3709 1720 3772 opalia

60 3839 86 3878 ,ο
100 3827 162 3886 ρους
167 3849 177 3877 ,
198 3790 237 3868 οἷς
250 3797 350 3868 δι’ξετοιι
367 3793 398 3855 rb
409 3793 604 3876 παρεμπῖπτον·
617 3790 675 3872 ἅμα
696 3793 728 3852 δι’
746 3793 889 3872 ὁμοιότητα
932 3804 974 3850 uui
983 3804 1076 3851 mestus
1085 3799 1174 3864 quibus
1184 3798 1284 3862 resipiat
1293 3796 1318 3847 id
1330 3795 1396 3861 quod
1407 3795 1719 3860 κατακοιμηθῶσιν

98 3897 154 3954 τῶν
183 3891 273 3972 μερῶν
300 3881 463 3965 ἀνάρμοστόν
487 3882 543 3940 ἐστι
569 3879 615 3940 καί
639 3878 754 3960 συνεχές·
780 3879 842 3941 όταν
867 3883 889 3941 δ’
933 3883 1719 3953 partiumsimilitudinomineoneinnumaliis,elooullnuumipsum

99 3980 201 4065 ἀρρίζη
215 3977 247 4038 τὸ
257 3975 392 4050 siluros
407 3968 553 4054 δέχετοιτδ
563 3975 668 4049 πνεῦμα
685 3967 730 4029 διδ
740 3968 889 4043 λεπτότητα
933 3982 983 4040 τοῖς
1000 3978 1025 4028 ei
1039 3988 1116 4041 quum
1134 3976 1232 4040 spumei
1252 3973 1346 4036 οἰοοαι,
1364 3973 1476 4039 spiritum
1493 3986 1543 4026 non
1560 3971 1666 4024 sdmiilit
1687 3972 1720 4026 ob

99 4071 148 4133 καί
162 4067 313 4150 συνέχειαν.
356 4063 388 4142 (e)
401 4064 489 4124 Τοῦτο
504 4058 526 4118 δ’
538 4055 677 4119 αἴτιονκαὶ
690 4063 737 4118 τοὺ
749 4058 890 4142 τρέφεσθαι
933 4066 1116 4117 ooniiuuilolem
1128 4069 1152 4116 el
1162 4063 1314 4116 tenuitatem.
1348 4063 1450 4130 (5)iloeo
1464 4063 1539 4114 olium
1548 4075 1621 4114 οαιιαι
1630 4064 1721 4114 osiour

100 4161 131 4221 τδ
143 4165 201 4240 πθρ
214 4155 260 4218 ὑπ’
269 4157 356 4214 αὑτοῦ·
365 4149 488 4235 τρίρεται
500 4147 547 4228 μὲν
558 4144 610 4230 γδιρ
622 4145 707 4208 οὐδενί
719 4145 789 4221 πλὴν
804 4151 889 4233 ὑγρῷ,
933 4155 1154 4220 ignisoleoslstur.
1185 4152 1255 4206 Nullo
1267 4151 1720 4218 enimquemlrumidoroignisnuui·

63 4247 147 4320 3καί
164 4251 246 4306 τοῦτο
266 4235 466 4323 μόνονκαυστόν
479 4239 557 4297 ἔστιν·
576 4238 607 4296 ἐκ
626 4239 688 4315 γοῶν
706 4239 758 4296 τῶν
777 4234 890 4306 ξύλωνὺ
932 4251 983 4309 tur,
994 4243 1068 4310 idque
1079 4231 1158 4296 solum
1169 4243 1237 4295 ordei
1248 4241 1315 4308 qood
1323 4242 1452 4294 horridum
1461 4247 1507 4294 esi.
1539 4241 1720 4306 Nemlignoiu·

102 4337 150 4418 μὲν
168 4335 223 4418 οἰὴρ
241 4328 440 4396 deuternomio
455 4325 605 4407 γενόμενος,
617 4323 648 4384 τδ
666 4323 693 4384 δὲ
705 4327 800 4405 γεῶδες
817 4329 891 4388 ἐκτε-
933 4349 1006 4388 oense
1016 4333 1194 4386 seriuiumum
1200 4331 1721 4396 ebit,lerreuulneiueremruserelinquun·

102 4424 207 4510 ρρωθὲν
218 4420 397 4482 ὑπολείπεται·
411 4414 490 4496 μόνον
507 4414 535 4475 δὲ
555 4413 607 4474 orl
619 4417 666 4474 τοῦ
680 4413 761 4496 πυρδς
773 4413 804 4476 τδ
821 4439 891 4476 vors-
935 4429 975 4476 lur
985 4441 992 4475 ι
1002 4425 1082 4476 solum
1093 4425 1219 4474 humorem
1228 4420 1441 4486 iguisdeposu'lur,
1451 4432 1528 4484 eoque
1537 4418 1673 4470 seeundum
1683 4416 1722 4467 sui

103 4517 147 4596 ρίιν
171 4513 327 4573 ἀναλοῦται·
347 4503 433 4567 τούτω
456 4503 508 4586 γδρ
528 4500 668 4585 τρέφεσθαι
694 4499 816 4586 πέρυκεν.
860 4505 890 4584 (o)
937 4518 1048 4566 usturam
1065 4513 1145 4564 ulitur.
1179 4511 1212 4576 (o)
1223 4515 1291 4574 Aque
1303 4523 1373 4572 suno,
1388 4507 1489 4570 vinum,
1504 4507 1592 4570 aliique
1601 4505 1722 4568 liquores,

102 4599 197 4686 Ὓδωρ
208 4597 258 4680 μὲν
277 4589 322 4657 σύν
335 4594 382 4656 καί
395 4565 461 4663 οἰνος
473 4591 520 4653 καί
531 4590 565 4652 τὰ
585 4589 666 4652 λοιπὰ
671 4636 679 4666 ,
698 4593 797 4651 πολλοῦ
814 4591 892 4672 μετέ·
935 4604 1041 4654 miiitum
1051 4601 1143 4654 turbidi
1153 4600 1303 4662 admistum,
1315 4599 1421 4650 mullum
1430 4595 1501 4648 terrei
1513 4594 1644 4654 hebentes,
1657 4593 1721 4643 ilem·

67 4727 92 4769 γη
101 4715 187 4774 ’γοντα
198 4694 247 4750 τοῦ
258 4688 364 4768 θολεροῦ
377 4681 424 4745 καὶ
433 4680 560 4763 γεώδους,
570 4678 735 4760 ἐμπίπτοντα
745 4679 794 4754 τὴν
805 4679 891 4765 φλόγα
935 4706 1000 4743 mom
1011 4691 1099 4756 illapsu
1118 4705 1163 4742 suo
1181 4688 1312 4750 divellunt,
1330 4686 1507 4752 aspersuque
1522 4687 1602 4734 suaet
1617 4679 1722 4746 pondere

104 4761 222 4864 διασπᾷ,
245 4775 292 4840 καλ
313 4779 347 4858 τῇ
370 4770 517 4857 τραχύτητι
537 4770 583 4833 καί
599 4775 637 4853 τῷ
652 4769 728 4853 βοίρει
742 4768 825 4831 oillei
846 4771 892 4831 καί
936 4781 1076 4846 opprimunt
1089 4783 1161 4844 sique
1179 4779 1330 4842 restinguunt
1345 4775 1446 4827 :oleum
1463 4786 1537 4836 vero,
1554 4771 1612 4836 quis
1630 4771 1722 4822 sinemo

104 4865 312 4930 πατασὺίννοσι·
337 4861 368 4924 τδ
387 4861 410 4924 δ’
431 4861 528 4936 ἔλαιον,
546 4861 586 4920 ότι
612 4859 728 4940 μάλιστα
749 4861 893 4942 εἰλικρινῶς
914 4879 916 4893 ‘
936 4871 1066 4920 humidum
1076 4868 1166 4932 esi,ob
1177 4867 1318 4918 tenuitatem
1330 4859 1722 4926 mutetur,etubigoisuporslu1u

103 4957 185 5040 ὑγρόν
201 4959 273 5030 ἐστι,
287 4953 331 5014 διδ
341 4949 491 5027 λεπτότητα
504 4949 678 5032 μεταύοίλλει,
688 4948 735 5010 καί
745 4948 893 5032 κρατούμε-
914 4938 917 5035 ξ
936 4958 1012 5010 ardel.

103 5070 147 5110 im
160 5049 335 5128 ἐκπυροῦται.
915 5044 918 5088 ¹
1148 5097 1151 5104 .

65 5168 93 5208 ες
143 5138 195 5200 lll.
217 5133 352 5211 Μέγιστον
366 5133 390 5192 δ’
402 5132 481 5192 αὐτοῦ
494 5135 541 5204 τῆς
553 5129 693 5214 ὑγρότητος
701 5127 842 5211 τεκμήριον
853 5131 892 5208 [ἡ]
967 5140 1011 5188 lli.
1028 5127 1722 5196 Maximumhumidiiullsergumoulumest,quodminirne

102 5225 146 5285 ἐπὶ
154 5227 283 5288 πλεῖστον
291 5225 318 5296 ἐξ
329 5220 461 5302 όλιγίστον
476 5219 590 5302 διανομὴ
609 5219 655 5281 κοιλ
666 5218 754 5300 χύσις·
766 5218 826 5280 οὔτε
840 5217 890 5298 γὰρ
916 5212 918 5263 ί
938 5225 1072 5290 quantitate
1092 5223 1210 5274 letissimo
1226 5219 1379 5274 diffunditur.
1411 5223 1465 5272 Nou
1480 5219 1544 5273 enim
1560 5217 1654 5281 mellis.
1672 5229 1721 5270 ιοιι

915 5093 918 5113 i

916 5132 917 5149 i

916 5152 917 5163 ι
