3758 5862
76 411 239 496 (νοτ-ι.)
543 400 599 460 au
624 393 867 458 rnrucrnau
893 349 1187 451 runauurnuu.
1606 392 1659 445 ιιε

76 543 211 626 κεχηνότας
226 533 360 597 πλάσωσι·
402 529 435 612 (ο)
457 527 530 588 *καί
547 525 598 608 γάρ
617 517 688 585 οῦτοι
710 520 839 605 βαρύι-ἠτι
881 525 1187 592 δίειοοίοοιγυεοθθίοιιίοο
1197 522 1295 586 tingant.
1330 521 1364 585 (t)
1378 487 1665 583 sicenimetipsivocis

76 637 166 717 φωνῆς,
180 625 226 688 καί
245 622 393 705 βλέμματος
406 614 564 700 τραχύτητι,
577 613 623 673 καί
640 613 764 694 δυσκολίφι
779 609 842 693 τρύ-
882 617 1012 682 pariete,
1021 618 1046 666 et
1056 615 1168 665 torvitate
1177 613 1274 674 uultus,
1284 622 1427 674 morumque
1435 609 1629 673 importunitate,
1641 614 1666 659 et
1722 621 1725 630 ·

75 745 133 790 των,
147 715 191 778 καὶ
203 712 292 792 ἀμιξίᾳ
312 708 426 782 διαίτης,
440 707 517 786 όγκον
530 701 670 783 ἡγεμονίας
687 700 733 762 καὶ
748 697 842 776 σεμνά·
883 705 1031 756 aversatione
1044 703 1170 752 conuictus
1184 701 1298 751 ridentur
1309 700 1456 762 majestatem
1470 697 1564 760 imperii
1576 710 1627 761 prae
1638 711 1666 746 ae

75 833 135 882 τητα
147 808 280 884 μιμεῖσθαι
292 801 420 869 δοκοῦσιν,
433 794 486 856 οὐδ’
498 797 526 866 δ,
536 797 606 852 τιοῦν
618 794 669 848 τῶν
683 791 843 848 κολοσσικῶν
884 795 957 854 terre,
967 791 1026 842 nibil
1036 789 1134 840 omnino
1143 786 1432 838 disserentesacolosaicis
1441 784 1603 846 latisstatuis,
1611 798 1667 846 quae

54 895 228 978 ,διαφέροντες
247 885 417 969 ἀνδριάντων,
439 881 465 940 οδ
484 879 531 953 τλν
550 879 640 948 ἔξωθεν
661 876 777 957 ἡρωϊκὴν
799 873 845 932 καλ
884 881 942 930 ioris
952 877 1047 929 heroica
1054 875 1167 928 etdirina
1177 875 1272 924 ornatu
1281 873 1372 936 torma,
1384 873 1535 932 intuaterra,
1547 869 1667 932 lapidibus

77 985 197 1066 θεοπρεπῆ
216 975 318 1059 μορφὴν
337 967 540 1054 όγοντῑιο-ἕντός
559 970 608 1026 ιίοι
626 971 673 1045 γῆς
692 963 783 1042 μεστοὶ
800 961 846 1021 κοιλ
885 982 910 1028 et
922 976 1022 1041 plumbo
1034 975 1091 1024 sunt
1101 973 1206 1036 repletae.
1240 972 1347 1036 (3)Hoc
1364 970 1476 1034 interest,
1494 971 1559 1034 quod
1580 973 1668 1022 atatam

77 1075 138 1136 λίθου
148 1070 192 1131 καὶ
204 1065 344 1146 politior·
387 1063 417 1136 (ο)
432 1055 501 1130 πλὴν
515 1055 555 1114 ότι
566 1059 618 1114 τῶν
629 1055 675 1133 μὲν
688 1051 846 1133 ἀνδριάντων
888 1077 941 1114 rum
952 1063 1053 1112 istarum
1065 1061 1141 1109 moles
1151 1057 1318 1108 rectitudinem
1330 1061 1410 1106 serrat
1421 1060 1562 1121 perpetuam
1572 1057 1623 1107 sine
1634 1055 1669 1105 in·

77 1171 151 1225 ταῦτα
164 1159 198 1219 τά
215 1156 283 1237 βάρη
294 1147 481 1230 τλνόρθότητα
497 1143 605 1223 μόνιμον
622 1141 667 1202 κοιλ
682 1143 772 1211 ἀκλινῆ
788 1140 846 1197 διοι-
887 1145 1153 1210 clinatione,ineruditi
1161 1147 1242 1194 autem
1251 1143 1408 1208 prinoipesab
1418 1143 1512 1194 interna
1519 1157 1563 1194 sua
1572 1143 1667 1194 inscitia

78 1251 204 1336 φυλάττει,
216 1249 241 1304 οἱ
252 1243 274 1302 δ’
285 1237 437 1302 ἀπαίδευτοι
452 1230 594 1316 στρατηγοί
603 1229 648 1290 καὶ
664 1227 789 1307 ἡγεμόνες
799 1225 848 1286 ’ὑπὸ
888 1249 1053 1302 saepenumem
1069 1234 1241 1284 labetactantur
1255 1237 1327 1296 atque
1342 1231 1530 1294 subvortundum
1544 1231 1595 1282 basi
1608 1231 1671 1280 enim

50 1387 68 1430 ,,
79 1348 118 1415 τῆς
128 1335 195 1404 ἐντδς
212 1327 398 1412 ἀγνωμοσύνης
411 1320 539 1388 πολλάκις
552 1319 706 1380 σαλεύονται
716 1316 762 1377 κοιλ
775 1338 850 1395 περι·
889 1342 937 1380 nou
942 1327 996 1378 sitm
1002 1325 1034 1376 ad
1041 1325 1128 1374 lineam
1135 1328 1159 1374 et
1164 1321 1262 1384 angulos
1269 1323 1347 1372 rectos
1353 1323 1498 1384 potestatem
1506 1320 1670 1383 superstruen-

79 1428 218 1511 τρέπονται·
236 1419 312 1500 βάσει
323 1413 374 1496 γάρ
389 1414 418 1472 ού
435 1407 542 1490 κειμένῃ
558 1407 622 1490 πρὸς
639 1405 715 1488 ὀρθάς
733 1403 849 1474 ἐξουσίαν
890 1417 926 1466 tes
940 1413 1074 1472 ereetum,
1091 1423 1138 1460 una
1154 1409 1263 1472 vergunt.
1298 1409 1306 1468 (
1335 1407 1482 1471 >Enimvero
1497 1404 1559 1455 sicut
1576 1419 1675 1456 necesse

79 1516 297 1591 ἐποικοδομοῦντες
311 1500 415 1586 ὑψηλὴν
437 1495 650 1560 συναπονεύουσι.
694 1496 723 1572 (ι)
739 1495 786 1554 Δεῖ
808 1492 850 1558 δὲ,
890 1506 928 1551 eat
938 1497 1135 1563 primoomnium
1150 1495 1227 1558 ipsam
1239 1493 1345 1556 regulam
1356 1497 1446 1542 rectam
1460 1495 1486 1542 et
1500 1492 1592 1542 turmam
1607 1505 1674 1556 ease,

78 1609 157 1686 decep
170 1608 184 1663 ὁ
197 1596 286 1661 κανὼν
303 1591 394 1664 αὐτὸς,
416 1587 550 1670 ἀστραύλς
562 1585 698 1665 γενόμενος
716 1580 761 1642 καί
774 1579 851 1639 ἀδιά-
891 1594 963 1651 atque
978 1587 1012 1636 ita
1021 1583 1107 1636 deiude
1119 1597 1160 1644 ea,
1174 1581 1262 1645 quibus
1273 1579 1413 1644 applicatur,
1423 1579 1475 1642 ipsa
1487 1585 1582 1642 quoque
1594 1579 1631 1628 sui
1642 1579 1672 1628 si·

79 1717 190 1778 οοοομος,
212 1685 297 1752 οὕτως
322 1679 460 1740 ἀπευθύνει
478 1675 512 1735 τά
533 1673 614 1734 λοιπά
633 1677 666 1753 τῇ
687 1671 751 1754 πρὸς
775 1668 852 1728 αὐτὸν
892 1676 957 1726 milia
968 1674 1044 1723 iacere
1060 1673 1133 1734 atque
1146 1668 1177 1719 ad
1189 1665 1357 1718 rectitudinem
1368 1663 1517 1729 perducere:
1532 1665 1565 1714 ita
1580 1668 1676 1728 oportet

51 1785 204 1867 1,ἐφορμογῇ
225 1774 274 1836 καὶ
293 1766 437 1852 παραθέσει
458 1763 637 1841 συνεξομοιῶν,
662 1756 854 1842 παραπλησίοις
893 1764 1024 1836 principem
1033 1761 1099 1824 prius
1107 1758 1133 1807 in
1142 1771 1169 1808 se
1178 1757 1230 1822 ipso
1239 1755 1367 1819 imperium
1379 1767 1507 1816 moresque
1516 1757 1580 1803 recte
1590 1753 1677 1802 cousti-

79 1873 116 1932 τδν
130 1871 241 1952 ἀρχοντα
253 1866 358 1944 πρῶτον
373 1854 535 1937 [αύτδνπλν]
551 1849 634 1934 ἀρχὴν
649 1847 813 1924 κτησάμενον
828 1849 854 1905 ἐν
896 1855 961 1902 tuere
980 1853 1052 1912 atquo
1067 1845 1182 1908 dirigere,
1202 1847 1286 1906 postea
1299 1841 1329 1890 iia
1350 1840 1531 1892 accommodare
1549 1838 1679 1898 subditos;

81 1964 155 2042 ἐαυτῷ
167 1955 211 2017 καί
222 1947 421 2014 κατευθύναντα
429 1943 477 2015 τλν
489 1939 586 2024 ψυχὴν,
599 1937 644 1998 καί
655 1933 855 2010 καταστησάμε·
895 1941 936 2005 (5)
951 1952 1006 1988 uam
1020 1949 1098 1999 neque
1113 1933 1220 1984 radentia
1231 1935 1269 1982 est
1279 1931 1382 1994 erigere,
1392 1943 1470 1994 neque
1480 1929 1566 1978 docere
1578 1927 1680 1988 indocti,

80 2039 239 2118 νοντδῆθος,
253 2039 324 2100 οῦτω
333 2030 522 2112 συναρμόττειν
536 2029 565 2088 τὸ
581 2026 703 2098 ὑπήκοον·
745 2023 779 2104 (a)
797 2020 856 2082 οὗτε
896 2040 973 2091 neque
989 2033 1135 2087 componere
1148 2017 1313 2084 incompositi,
1326 2030 1405 2080 neque
1419 2015 1529 2066 ordinare
1540 2013 1682 2076 inordinati,

81 2138 125 2218 γὰρ
134 2128 272 2197 πίπτοντός
283 2131 353 2187 ἐστιν
368 2125 468 2202 ὀρθοῦν,
477 2117 536 2179 οὔτε
550 2115 680 2175 διδάσκειν
691 2115 856 2192 ἀγνοοῦντος,
896 2127 974 2178 neque
989 2113 1106 2174 imperare
1120 2107 1179 2159 nulli
1197 2106 1298 2169 imperio
1314 2103 1412 2155 subditi.
1447 2101 1489 2166 (ο)
1509 2101 1556 2152 sed
1574 2101 1682 2165 plerique

51 2255 73 2298 το
83 2227 134 2288 ούτε
149 2221 256 2300 κοσμεῖν
277 2216 469 2292 ἀκοσμοῦντος,
488 2205 506 2278 ἢ
520 2203 622 2264 τάττειν
642 2205 826 2274 ἀτακτοῦντος,
839 2197 857 2270 ἢ
896 2205 977 2266 inepta
988 2198 1082 2262 decepti
1093 2196 1225 2256 sententia,
1236 2196 1341 2260 primum
1352 2193 1398 2242 boo
1408 2193 1494 2255 putant
1506 2175 1560 2240 es'se
1572 2189 1595 2238 in
1608 2189 1682 2252 impe-

83 2317 162 2399 ἅμροοο
175 2310 211 2391 μὴ
226 2301 390 2390 ἀρχομένου·
433 2299 464 2376 (e)
478 2296 536 2354 ἀλλ’
551 2295 575 2353 οἱ
586 2290 679 2352 πολλοί
694 2293 781 2356 κακῶς
792 2311 858 2371 φρο-
898 2292 934 2342 rio
942 2291 1047 2351 bonum,
1058 2286 1119 2336 nulli
1132 2281 1232 2335 subesse
1246 2280 1348 2344 imperio
1363 2295 1368 2328 :
1382 2281 1454 2342 atque
1465 2277 1526 2328 adeo
1544 2291 1586 2328 rer
1598 2281 1682 2327 Persa·

83 2411 172 2468 νοῦντες
189 2398 291 2460 οἴονται
305 2393 410 2474 πρῶτον
422 2388 448 2446 ἐν
466 2388 504 2466 τῷ
523 2382 614 2466 άρχειν
631 2379 727 2458 ἀγαθὸν
746 2371 860 2437 εἶναιτὸ
899 2393 952 2432 rum
968 2389 1051 2428 omues
1067 2389 1111 2440 pro
1125 2371 1201 2425 servis
1218 2369 1316 2432 habuit,
1333 2371 1434 2431 excepta
1449 2379 1492 2416 sua
1504 2377 1594 2426 uxore,
1612 2363 1683 2426 cuins

85 2492 116 2572 μὴ
127 2492 264 2574 ἄρχεσθαι,
279 2479 326 2542 καί
337 2477 391 2557 ὅγε
402 2475 515 2556 Περσῶν
529 2467 650 2552 βασιλεὺς
662 2467 762 2534 πάντας
770 2469 861 2544 ἡγεῖτο
899 2468 1003 2521 maxime
1014 2465 1117 2517 debebat
1125 2475 1179 2514 esse
1187 2459 1309 2511 domitius.

85 2581 193 2650 δούλους,
205 2571 280 2644 πλὴν
290 2572 337 2640 τῆς
348 2568 427 2625 αὑτοῦ
443 2559 579 2640 γυναικδς,
590 2549 621 2632 ἧς
636 2556 752 2637 μάλιστα
763 2551 861 2616 δεσπό-

138 2665 149 2690 '
172 2667 236 2725 ειλεν
248 2649 330 2719 εἶναι.

54 2702 75 2743 a
85 2690 170 2820 1ηςλίίφ
185 2751 233 2819 Τίς
245 2737 294 2810 οῦν
307 2741 378 2823 ἄρξει
390 2743 436 2800 τοῦ
448 2737 587 2820 άρχοντοςς
599 2739 613 2794 θ
624 2733 716 2813 νόμος,
728 2736 743 2791 θ
755 2730 862 2790 πάντων
932 2729 976 2778 llI.
991 2723 1052 2784 Quia
1069 2735 1125 2784 ergo
1143 2715 1270 2782 imperabit
1286 2713 1402 2778 principii
1419 2714 1483 2772 Lex,
1504 2721 1554 2759 rec
1569 2710 1687 2758 emulum

88 2843 196 2928 βοτιλςθς
210 2839 315 2910 θνητῶν
333 2855 361 2890 τε
375 2828 421 2890 καλ
438 2824 584 2898 ἀθανάτων,
600 2826 635 2890 ὡς
655 2822 703 2904 ἔφη
718 2819 862 2900 Πίνδαρος,
902 2811 1056 2866 mortalium
1067 2809 1146 2870 atque
1158 2801 1360 2858 turmortattrrm,
1372 2798 1401 2846 ut
1412 2795 1445 2845 ait
1455 2795 1584 2856 Pindarus,
1599 2807 1647 2843 nou
1657 2807 1688 2844 ea

87 2939 127 2995 οὐχ
146 2939 170 2994 ἐν
191 2925 306 3012 βςὸλίοις
327 2919 376 2990 ἔξω
397 2913 592 3000 γεγραμμένος,
613 2909 672 2972 οὐδέ
694 2933 747 2969 μοι
766 2907 863 2982 ξύλοις,
904 2901 962 2953 ioris
975 2894 1190 2961 scripteinlibria,
1202 2881 1687 2951 autlignisinamlpta‚aedrivainipsi·

88 3024 137 3082 ἀλλ’
146 3020 261 3102 ἔμψυχος
273 3009 311 3071 ὢν
322 3012 347 3070 ἐν
358 3010 429 3089 οοςῷ
439 3005 526 3085 λόγος,
535 3001 576 3062 οἷο)
587 3003 712 3060 οονοοςῶο
722 2997 863 3080 mlum.
903 3001 934 3037 us
949 2983 1022 3035 corde
1037 2981 1111 3041 ratio,
1127 2991 1222 3041 semper
1239 2987 1286 3024 uua
1299 2973 1410 3024 babitans
1426 2975 1498 3034 atque
1511 2967 1647 3030 excubans,
1665 2971 1691 3017 et

664 3085 760 3171 ἕρημος,
771 3091 865 3165 mo.
905 3075 1012 3126 animum
1023 3079 1187 3130 nonunquam
1197 3064 1277 3114 sinens
1287 3073 1341 3113 esse
1350 3056 1498 3126 principatus
1511 3069 1622 3107 vacuum.
1656 3055 1689 3119 (a)

683 3178 762 3234 οοῶο
772 3197 866 3235 mu.
906 3169 967 3216 Sane
983 3165 1108 3212 Persarum
1124 3168 1167 3204 rex
1178 3165 1255 3204 unum
1268 3151 1298 3202 de
1316 3147 1468 3200 cubiculariis
1483 3145 1512 3195 ad
1527 3145 1573 3194 lroc
1587 3143 1692 3193 habebat

849 3286 866 3320 ο
906 3251 1064 3304 coustitutum
1070 3245 1115 3310 ,nt
1123 3255 1194 3294 mane
1203 3240 1234 3291 ad
1243 3251 1323 3302 regem
1334 3235 1470 3300 ingrediens
1479 3233 1584 3293 diceret,
1597 3235 1689 3295 sarpa,

906 3353 921 3390 o
932 3351 994 3398 rec,
1002 3338 1127 3388 cicurum
1136 3341 1227 3380 rerum
1236 3339 1308 3392 pere,
1319 3337 1386 3388 ques
1395 3325 1419 3373 te
1429 3333 1527 3372 curare
1539 3317 1692 3369 oromcsdes

908 3427 992 3478 uoluit
1003 3439 1011 3474 .·
1021 3421 1129 3474 eruditus
1138 3423 1163 3469 et
1172 3415 1284 3467 cordatus
1302 3413 1413 3477 princepe
1429 3410 1495 3459 intus
1511 3406 1585 3457 babet
1596 3403 1693 3468 quihoc

849 3526 857 3549 ι
908 3511 1039 3565 identidem
1053 3509 1146 3560 occinru
1161 3505 1186 3554 et
1200 3502 1337 3552 admoneat.
1371 3498 1403 3560 (3)
1420 3495 1516 3545 Etenim
1530 3491 1628 3543 Polemo
1638 3490 1693 3540 deo·

57 3146 78 3189 οο
89 3111 223 3194 φυλάττων,
234 3101 285 3166 καλ
295 3095 427 3179 μηδέποτε
436 3091 484 3166 τὴν
499 3089 587 3174 ψυχὴν
601 3092 650 3148 ἐῶν

88 3202 143 3269 νίας.
184 3199 214 3276 (ο)
227 3195 265 3255 Ὁ
280 3185 327 3268 μὲν
336 3185 387 3266 γάρ
397 3186 509 3266 Περσῶν
521 3177 643 3260 βασιλεὺς
655 3174 680 3235 ἕν

89 3292 178 3351 ναστῶν
188 3275 319 3366 εἶχεπρδς
326 3280 402 3335 τοῦτο
410 3267 577 3350 τεταγμένον,
587 3264 655 3326 ὥστε
664 3262 742 3324 ἔωθεν
754 3261 848 3323 εἰσιόντ

90 3381 164 3458 λέγειν
173 3375 238 3458 πρδς
253 3364 345 3439 αὐτὸν,
360 3359 472 3422 Ἀνάστα
478 3345 522 3432 ,ῶ
543 3358 667 3436 βασιλεῦ,
685 3352 731 3412 καλ
749 3351 866 3434 φρόντιζε

91 3464 253 3549 πραγμάτων,
262 3448 341 3518 duce
350 3448 491 3534 φροντίζειν
500 3451 514 3505 ὁ
523 3439 867 3527 Μεσορομάσδηςήθόλησε·

65 3569 79 3604 θ
91 3562 129 3616 τοῦ
142 3554 167 3614 δὲ
179 3539 392 3621 πεπαιδευμάνου
403 3535 449 3599 καί
462 3537 653 3616 σωφρονοῦντος
663 3529 790 3612 ἄρχοντος
799 3530 869 3594 ἐντος

92 3647 152 3706 trra
163 3646 265 3703 δτοῦτο
286 3627 458 3716 φθεγγόμενος
478 3622 520 3684 art
534 3621 580 3683 καί
594 3616 866 3703 παρακελευσάμενος.

841 3727 869 3761 ,-
910 3683 1101 3750 procurationem
1120 3675 1268 3724 destinatum
1289 3685 1295 3718 ι
1316 3667 1397 3717 νοτίου
1420 3669 1500 3713 autem
1521 3663 1568 3711 hoc
1591 3661 1693 3722 dixeris,

93 3735 120 3812 (a)
132 3729 261 3808 Πολέμων
279 3722 331 3805 γάρ
342 3720 415 3798 ἔλεγε
426 3715 470 3775 τδν
482 3709 591 3795 Ἔρωτα
606 3700 672 3768 εἶναι
688 3711 752 3766 θεῶν
769 3710 839 3788 θτιηρ
1206 3759 1212 3772 ¹
1231 3759 1236 3770 ⁸
1547 3748 1554 3760 ·

94 3819 144 3880 ,γας
159 3821 193 3888 εγ,
203 3816 273 3876 ,ρων
290 3809 452 3892 mm.
466 3799 640 3880 ἀληθέστερος
652 3799 673 3856 δ’
693 3795 723 3855 ἀι,
738 3819 776 3862 ῃ,
788 3793 870 3865 εἴπω,
911 3771 1029 3838 principes
1038 3767 1138 3817 delesse
1147 3760 1301 3811 administros
1311 3753 1340 3804 ad
1352 3750 1477 3803 tutandam
1488 3750 1615 3797 hommum
1632 3748 1693 3796 saltr-

93 3907 144 3977 τοῦτ
153 3895 427 3990 ἀρχουταςύπηρετεῗν
436 3896 487 3974 θεῷ
495 3889 560 3972 πρὸς
567 3883 711 3968 ἀνθρώπων
719 3881 870 3963 ἐπομζλοοοο
911 3868 975 3920 tem,
985 3861 1013 3908 ut
1023 3867 1079 3920 ηοω
1090 3850 1197 3950 diibona
1207 3841 1346 3893 bominibus
1356 3837 1496 3900 largiuntur,
1507 3836 1631 3899 eapartim
1647 3834 1694 3884 dis.

67 4007 80 4043 ⁴¹
95 3996 134 4056 art
146 3993 290 4076 σωτηρίαν,
305 3986 376 4056 όπως
390 3974 425 4044 ῶν
438 3980 495 4048 θεὸς
508 3978 612 4037 δίδωσιν
625 3971 768 4055 ἀνθρώποις
784 3971 872 4030 καλῶν
911 3947 1032 4005 trimma
1045 3941 1131 4005 Whm
1143 3933 1292 3984 mmmm·

95 4085 135 4144 καί
150 4086 253 4164 ἀγαθῶν
266 4077 301 4138 τά
314 4075 362 4157 μὲν
372 4072 487 4152 νέμωσι,
498 4065 531 4127 rt
546 4063 574 4126 δὲ
590 4061 763 4146 φυλάττωσιν.

908 3613 963 3650 rum
979 3594 1146 3647 administrum
1156 3603 1209 3640 esse
1222 3587 1316 3636 dicebat
1325 3589 1451 3641 Amorem,
1463 3579 1492 3629 ad
1503 3577 1693 3627 adolescentium
1705 3599 1707 3604 ·

968 4191 1000 4248 (t)
1006 4186 1078 4235 Vides
1087 4181 1186 4230 anbllme
1195 4173 1272 4224 iudum
1281 4172 1459 4220 immoderatum
1471 4167 1592 4223 atheram,

153 4237 187 4300 (l)
198 4237 270 4301 Ὁρᾷς
280 4233 321 4282 τὸν
331 4230 394 4293 tried
404 4224 465 4275 τόνδ’
475 4222 569 4283 ἀπειρον
579 4216 673 4280 αίθίρα,

150 4309 190 4358 καὶ
200 4311 245 4371 γῆν
256 4303 322 4369 πέριξ
330 4299 405 4366 ἔχονθ’
416 4299 497 4359 ὑγραῖς
508 4289 552 4356 [ἀν]
562 4287 691 4352 &pediam
968 4268 1011 4327 qul
1019 4267 1098 4314 tenero
1107 4263 1193 4307 ιαστσω
1203 4254 1360 4303 circumvectu
1369 4245 1533 4308 amplectitur?

99 4433 111 4489 θ
125 4425 304 4510 plantabimur
318 4417 403 4502 ἀρχάς
417 4413 578 4497 σπερμάτων
596 4405 790 4491 προσηκόντων,
804 4407 839 4484 γῆ
854 4403 868 4462 δ

70 4535 83 4568 ⁸¹
100 4517 263 4578 ἀναδίδωθῑψ
276 4509 383 4580 αὔξεταί
397 4505 425 4566 δὲ
434 4502 468 4563 τὰ
483 4500 530 4581 (ἐν
542 4499 665 4580 mimir
681 4493 715 4555 τὰ
727 4493 749 4554 δ’
761 4491 877 4570 ἀνίμθῦν
918 4522 1000 4568 autem
1009 4527 1038 4565 ea
1047 4507 1144 4574 vegetat
1154 4520 1160 4556 :
1169 4505 1287 4566 augentur
1296 4499 1343 4548 alia
1351 4494 1482 4554 imbribus,
1493 4491 1539 4541 elia
1549 4489 1642 4548 rentis,
1655 4487 1700 4536 alia
1713 4525 1715 4529 .

100 4605 168 4754 ξιξ,
191 4605 298 4685 ἄστροις
316 4592 514 4700 mamm?
533 4588 579 4650 καὶ
604 4583 714 4701 fam·
734 4585 830 4694 ζοσίέεἵ
851 4577 878 4638 δὲ
918 4629 997 4680 σείσω
1008 4624 1113 4676 siderum
1122 4620 1235 4679 lunaque
1242 4605 1441 4663 torentezomnia
1449 4603 1529 4654 antem
1539 4614 1567 4652 ea
1574 4599 1700 4661 solomat,

112 4737 117 4767 ,
155 4693 304 4763 ςάπαντα,
317 4684 443 4748 uoluitur
459 4701 536 4740 τουτο
549 4675 624 4750 δὴτο
641 4696 697 4754 παρ
724 4693 804 4729 αυτου
821 4667 878 4750 φίλ-

102 4805 155 4863 τρον
166 4776 359 4860 ἐγκεράννυσιν.
405 4771 437 4851 (ο)
450 4765 531 4830 Ἀλλά
541 4769 593 4824 τῶν
604 4759 734 4822 τοσούτων
744 4756 789 4818 καί
802 4759 879 4830 τηλι-

103 4869 205 4942 κούτων,
216 4865 295 4926 tarot
303 4862 471 4945 χαρίζονται,
482 4855 571 4936 δώρων
582 4851 628 4912 καλ
639 4853 743 4929 ἀγαθῶν
754 4849 801 4906 oda
810 4845 881 4904 ἔστιν
920 4858 1002 4907 tamea
1018 4850 1071 4902 istis
1082 4849 1120 4899 tot
1136 4843 1258 4904 tantisque
1274 4836 1360 4898 donia,
1378 4845 1434 4896 quae
1445 4829 1479 4880 dii
1496 4827 1637 4890 largiuntur,
1650 4826 1702 4876 sine

75 4959 95 5000 Ψ
106 4957 255 5027 ἀπόλαυσις,
268 4951 325 5012 οῦδὲ
334 4945 505 5060 χρῆσιςγόρθβ
520 4941 582 5054 δίγα
594 4939 674 5018 νόμον
690 4936 737 4998 καλ
751 4933 882 5044 dtan'xnl
922 4971 987 5031 lege,
997 4961 1089 5028 justitia
1100 4963 1124 5009 et
1134 4949 1297 5021 principetur
1313 4961 1361 4998 1¹0¹l
1376 4950 1413 4996 &⁸¹
1423 4943 1575 5010 Peffflissum·
1608 4939 1641 5004 (ὓ)
1652 4943 1703 4990 ¹3¹⁶

107 5043 234 5126 ἄοννιτοι·
280 5042 309 5120 ίι)
328 5040 396 5111 ntae
409 5059 457 5116 νεν
471 5055 515 5094 ⁰⁰*
529 5053 609 5109 θύου
623 5023 791 5094 τεάθίέπίψ
805 5045 883 5100 νομοί
923 5085 975 5136 urm
985 5078 1078 5146 jussura
1087 5074 1145 5138 rests
1157 5075 1194 5122 est
1203 5067 1322 5131 tntsrtex
1334 5061 1449 5130 punrrprr
1460 5057 1656 5124 ονιιεοιῑνιινι
1665 5053 1704 5104 <¹⁸¹

777 5113 784 5135 Ι

108 5130 144 5206 δὲ,
154 5133 278 5214 άρχοντος
289 5129 374 5212 ἔργον·
388 5127 477 5210 ἀρχων
488 5119 530 5196 δὲ,
542 5117 619 5179 εἰκῶν
628 5121 686 5176 θεοῦ
694 5121 737 5174 τοῦ
746 5135 834 5172 παντα
843 5132 884 5169 κο-

109 5225 239 5300 σμοῦντος·
252 5221 283 5280 ού
295 5215 403 5280 Φειδίου
413 5211 533 5294 δεόμενος
543 5207 715 5275 πλάττοντος,
730 5199 788 5262 οὐδὲ
799 5201 884 5260 Πολυ-
927 5203 1004 5262 inrogo
1013 5195 1092 5247 omnia
1102 5187 1244 5254 digerentle,
1254 5181 1361 5250 neqneia
1370 5177 1512 5245 opusbabet
1521 5172 1605 5226 Phidia
1613 5172 1654 5236 qur
1662 5170 1704 5222 irn-

870 4415 877 4439 ’
916 4407 942 4454 Ιε
951 4399 1048 4465 quidem
1057 4391 1174 4462 principia
1182 4386 1288 4440 demittit
1296 4383 1415 4435 murinum
1425 4377 1699 4435 convenientium,terra

919 4747 944 4793 et
955 4741 1024 4791 illum
1036 4747 1109 4801 quem
1126 4728 1206 4781 ierunt
1223 4723 1311 4776 amoris
1323 4719 1410 4771 illicem
1426 4716 1457 4766 ab
1475 4727 1502 4766 se
1516 4711 1586 4764 indit.
1619 4710 1652 4774 (5)
1669 4712 1702 4761 Et
