3810 5840
222 475 1698 532 ΜύῦῠῦὕῠΜὕῠῠῦὕῦὕῠῦῢῦὔῦῠῦὕῦὔῦὕωῦῠῦῠῠῠῦῠῠῦῠῦἢΝ

732 694 1198 834 PRAEFATIO.

267 1010 390 1096 Quum
408 1027 503 1074 anno
519 1005 866 1074 MDCCCXXXVIII
888 1005 1046 1100 Bc'tlzunc
1067 1009 1271 1098 etnDuckett
1291 1007 1497 1108 bibliopolae
1521 1008 1703 1082 Plutarchi

219 1116 365 1188 Moralia
379 1140 422 1187 ex
428 1113 585 1186 editione
599 1114 863 1212 Wyttenbachii
871 1117 976 1190 edere
986 1123 1264 1210 constituissent,
1280 1135 1406 1193 auctor
1418 1125 1461 1193 iis
1468 1146 1565 1194 eram
1577 1137 1619 1194 ut
1634 1127 1702 1194 Re-

219 1235 360 1328 giorum
375 1229 542 1304 codicum
552 1233 770 1302 varietatesa
784 1237 906 1304 Konto
915 1248 1097 1333 excerptas
1107 1235 1391 1334 nenegligerent.
1405 1241 1519 1334 Igitur
1529 1235 1701 1308 suadente

218 1349 294 1416 viro
313 1345 553 1417 eruditissimo
573 1349 731 1417 Firmino
754 1346 867 1420 Didot
888 1351 1019 1446 scripta
1034 1347 1113 1440 illa,
1130 1348 1193 1420 ubi
1218 1375 1380 1449 possem,
1406 1348 1621 1422 emendandi
1641 1375 1703 1422 cu·

218 1484 293 1530 ram
312 1459 400 1530 mihi
418 1456 693 1531 demandarunt.
710 1465 797 1532 Eam
812 1464 851 1531 in
868 1484 926 1532 me
935 1465 1053 1561 recepi
1064 1487 1272 1560 quanquam
1283 1488 1401 1560 neque
1418 1479 1562 1562 paratus
1575 1478 1612 1535 et
1623 1462 1702 1536 aliis

217 1571 343 1644 studiis
361 1571 590 1644 vehementer
610 1571 791 1644 districtus
811 1600 819 1643 ε
845 1573 1113 1673 praesentiebam
1139 1580 1234 1646 enim
1252 1573 1330 1647 fore
1349 1591 1391 1648 ut
1410 1575 1701 1675 Wyttenbachia·

217 1710 284 1758 nus
316 1704 451 1772 tectus,
486 1691 515 1758 si
542 1691 756 1779 renuissem,
788 1692 864 1760 sine
894 1686 1143 1760 emendatione
1177 1687 1253 1760 ulla
1284 1703 1518 1788 repeteretur.
1554 1692 1702 1762 Correxi

217 1801 349 1892 multa,
373 1826 415 1875 ac
431 1801 529 1874 bona
543 1799 616 1873 fide
631 1801 804 1874 lectorem
816 1807 865 1873 ita
882 1827 963 1874 sum
987 1803 1165 1876 allocutus
1179 1810 1215 1874 in
1231 1803 1304 1876 fine
1317 1803 1533 1904 praefationis
1553 1830 1561 1875 τ
1584 1811 1703 1877 «Pau-

218 1946 235 1980 a
257 1921 306 1989 cis
324 1931 366 1988 ut
384 1916 590 2007 absolvam,
615 1921 665 1988 sic
682 1916 815 1990 habeto
840 1943 848 1986 ε
874 1916 1047 1991 tradimus
1067 1918 1147 1990 Tibi
1166 1918 1347 1990 Plutarchi
1365 1920 1516 1992 Moralia
1531 1927 1566 1990 in
1590 1919 1704 1991 tribus

218 2061 235 2096 α
245 2035 330 2124 fere
343 2033 500 2104 millibus
516 2033 671 2105 Iocorum
693 2058 740 2104 ex
763 2031 944 2104 codicibus
965 2036 1215 2129 manuscriptis
1232 2030 1433 2102 ernendata.
1449 2031 1558 2126 Quod
1575 2035 1625 2103 Te
1642 2031 1700 2106 de-

217 2175 234 2210 «
258 2146 419 2219 merendi
436 2147 597 2220 studium
613 2147 710 2218 beati
724 2153 857 2220 erimus
869 2153 897 2220 si
910 2153 959 2221 ita
974 2145 1062 2217 velis
1077 2143 1290 2244 rependere,
1309 2158 1351 2215 ut
1370 2170 1450 2242 quae
1468 2160 1613 2244 peccata
1631 2145 1705 2218 fue-

216 2289 233 2325 α
250 2264 323 2333 rint
337 2260 476 2358 judices
496 2261 713 2335 humaniter.
737 2261 834 2332 Illud
854 2287 929 2334 non
949 2285 1129 2352 veremur,
1149 2285 1195 2332 ne
1212 2262 1290 2330 vitii
1306 2259 1479 2357 quiddam
1499 2284 1563 2359 per
1580 2284 1647 2332 nos
1659 2263 1703 2353 ⁸in

215 2375 759 2474 «Plutarchum'immigraverit
779 2403 787 2446 :
812 2376 918 2448 latius
939 2390 1057 2449 tamen
1076 2380 1113 2446 in
1135 2376 1269 2473 majore
1287 2378 1363 2447 otio
1382 2373 1526 2447 extendi
1543 2377 1703 2474 potuisse

214 2521 230 2555 ι(
251 2490 511 2568 emendationis
533 2494 740 2589 negotium,
758 2489 857 2564 ultro
879 2490 1123 2564 concedimus.
1148 2497 1355 2564 »Evenerat
1373 2505 1492 2564 tamen
1511 2488 1612 2586 quod
1627 2514 1703 2560 non

210 2629 285 2676 esse
306 2604 505 2677 verendum
529 2603 709 2694 dixeram3
732 2618 770 2677 et
787 2618 978 2704 corruptos
992 2629 1013 2676 a
1028 2631 1086 2676 me
1101 2603 1209 2676 fuisse
1227 2604 1336 2678 locos
1347 2604 1524 2703 quosdam
1545 2628 1624 2674 sero
1651 2607 1704 2672 in·

209 2718 340 2790 tellexi.
360 2724 540 2826 Nimirum
553 2720 617 2795 ubi
643 2744 873 2820 perceperam
892 2725 1090 2792 Firminum
1111 2718 1223 2792 Didot
1235 2725 1343 2820 primi
1359 2719 1552 2792 voluminis
1564 2717 1704 2790 tabulas

208 2837 466 2933 stereotypicas
483 2833 695 2925 redemisse,
723 2833 813 2904 nihil
843 2832 932 2904 mihi
949 2838 1071 2934 potius
1093 2832 1162 2906 fuit
1184 2860 1295 2932 quam
1326 2850 1369 2908 ut
1398 2831 1613 2930 antiquandi
1634 2837 1700 2903 im-

207 2971 330 3046 pressa
354 2947 517 3047 exempla
535 2963 571 3027 et
587 2949 659 3030 alia
678 2973 721 3020 ex
745 2973 839 3021 nova
861 2952 1106 3047 recognitione
1123 2947 1254 3021 edendi
1271 2949 1451 3021 licentiam
1470 2947 1516 3020 ab
1536 2972 1579 3019 eo
1599 2971 1701 3046 expe·

206 3073 333 3132 terem.
358 3065 496 3132 Annuit
514 3065 569 3132 vir
584 3061 873 3151 liberalissimus,
904 3075 940 3133 et
965 3062 1187 3163 impulerunt
1209 3089 1315 3137 voces
1335 3062 1593 3136 venerabilium
1610 3065 1703 3132 viro·

208 3199 310 3265 rum,
342 3179 561 3266 Luraomvu,
582 3181 811 3248 Boissonanu
830 3190 867 3247 et
883 3181 1061 3268 inconsu,
1082 3183 1147 3276 qui
1169 3184 1281 3252 nimio
1298 3194 1449 3253 conatus
1469 3203 1568 3250 meos
1581 3175 1703 3248 favore
1820 3247 1829 3264 ,

207 3305 493 3386 prosequuntur,
503 3305 629 3362 utnon
643 3289 762 3361 solum
771 3294 974 3363 universam
985 3297 1191 3365 varietatem
1205 3319 1226 3368 a
1240 3299 1363 3367 Konto
1374 3292 1561 3366 collectam
1570 3295 1700 3362 iterum

207 3417 243 3474 et
263 3420 429 3477 accurate
442 3409 740 3505 pervestigarem,
757 3404 819 3476 sed
837 3409 876 3477 in
895 3405 1088 3479 doctorum
1104 3433 1253 3506 quoque
1270 3411 1430 3508 scriptis,
1451 3431 1531 3503 quae
1553 3403 1700 3502 quidem

207 3521 289 3587 usui
306 3541 388 3588 meo
402 3517 589 3618 patebant,
607 3533 643 3590 et
654 3522 693 3589 in
711 3543 838 3590 eorum
856 3517 974 3611 libris,
996 3523 1061 3617 qui
1075 3520 1309 3594 Plutarchum
1328 3519 1420 3593 olim·
1439 3518 1699 3619 expilaverunt,

208 3629 475 3708 emendationes
499 3647 592 3704 ratas
612 3631 716 3728 valde
735 3631 918 3732 depravati
936 3636 1120 3732 scriptoris
1137 3639 1400 3731 conquirerem.
1422 3637 1478 3703 Ita
1494 3629 1629 3702 lactum
1648 3645 1702 3701 est

208 3759 250 3818 ut
262 3744 335 3818 hoc
353 3746 524 3818 volumen
540 3746 686 3819 duobus
704 3745 778 3819 fere
794 3748 955 3822 millibus
975 3746 1144 3820 locorum
1166 3746 1317 3847 prodeat
1338 3744 1580 3833 emendatius,
1598 3757 1634 3814 et
1651 3742 1699 3815 al·

210 3872 325 3932 terum
340 3859 456 3934 multo
479 3862 762 3959 majore,.quam
780 3867 880 3961 prius
896 3863 1005 3952 olim,
1029 3885 1115 3934 cura
1130 3865 1176 3933 sit
1189 3861 1426 3933 elaboratum.
1446 3865 1501 3933 De
1514 3857 1700 3932 codicibus

209 3974 373 4074 singulis,
394 3974 439 4047 de
454 3973 709 4073 dijudicatione
723 3981 908 4077 scripturae
922 4002 1074 4066 eorum,
1093 3977 1139 4049 de
1156 3982 1294 4050 ratione
1310 4002 1421 4075 quam
1435 3981 1472 4047 in
1485 3976 1700 4072 conjecturis

210 4089 421 4190 recipiendis
441 4094 508 4162 sim
524 4106 685 4184 secutuS,
707 4097 745 4163 in
775 4097 904 4190 quinto
927 4094 1112 4165 volumine
1141 4117 1293 4193 operum
1319 4091 1629 4180 Plutarcheorum,
1659 4106 1701 4163 ut

209 4229 326 4304 spero,
347 4205 521 4305 explicate
539 4205 684 4278 dicendi
709 4206 812 4279 locus
830 4211 910 4279 erit.
936 4212 1084 4281 Interim
1095 4193 1148 4280 ¹er
1168 4211 1290 4306 priore
1305 4207 1510 4306 praelatione
1529 4228 1609 4299 quae
1627 4203 1700 4275 huc

208 4325 388 4418 pertinent
401 4325 580 4420 excerpsi,
597 4337 633 4393 et
646 4327 774 4420 gratias
787 4347 854 4420 ago
867 4323 1122 4422 benignissimo
1141 4328 1299 4412 Samen,
1317 4319 1511 4421 professori
1526 4321 1698 4390 universi·

210 4438 289 4504 tatis
311 4438 531 4523 Turicensis,
559 4439 622 4531 qui
646 4459 689 4506 ex
709 4434 867 4506 editione
885 4461 994 4534 quam
1021 4453 1123 4537 parat
1138 4441 1306 4510 Vitarnm
1336 4451 1521 4506 oratorum
1550 4437 1696 4504 eximias

208 4547 474 4620 emendationes
499 4575 574 4620 non
597 4572 709 4648 parvo
730 4575 881 4622 numero
906 4551 996 4623 mihi
1020 4550 1172 4625 utendas
1197 4555 1370 4650 permisit.
1398 4553 1576 4640 Quintum
1596 4545 1698 4618 volu·

207 4688 289 4735 men
311 4679 441 4762 praeter
461 4662 659 4764 fragmenta
676 4664 856 4736 librorum
874 4666 1101 4765 perditorum
1120 4681 1156 4738 et
1175 4669 1307 4765 scripta
1330 4665 1556 4762 supposititia
1579 4665 1695 4732 conti-

208 4779 308 4851 nebit
338 4784 527 4852 nominum
566 4795 603 4852 et
640 4803 761 4851 rerum
794 4779 949 4852 indicem
976 4784 1384 4865 consummatissimum,
1410 4799 1520 4872 quem
1546 4775 1698 4849 lectores

207 4891 394 4966 debebunt
412 4897 535 4992 juveni
556 4899 719 4993 inprimis
740 4893 901 4992 diligenti
921 4896 1091 4979 Doehner,
1113 4897 1185 4990 J'am
1202 4918 1306 4965 nunc
1334 4892 1379 4963 de
1398 4891 1579 4963 Plutarchi
1597 4897 1698 4988 Sym·

209 5011 360 5103 posiacis
377 5005 472 5078 bene
490 5011 631 5096 merito,
659 5033 742 5078 mox
761 5005 919 5076 editione
937 5011 1101 5077 Vitarnm
1124 5007 1169 5078 de
1186 5006 1311 5077 eodeni
1330 5005 1485 5106 amplius
1505 5010 1692 5077 merituro.

207 5125 338 5220 Scripsi
365 5125 526 5212 Parisiis,
548 5147 668 5194 mense
689 5119 876 5192 novembri
895 5125 1146 5196 MDCCCXLI.

1347 5219 1406 5288 Fu.
1436 5215 1595 5289 Dbnrvnn.
