3818 5838
747 447 987 516 runuauo,
1589 456 1607 518 3

129 610 196 679 rari
208 601 388 677 debebant
397 613 439 670 ut
447 596 491 669 ad
508 594 741 667 Plutarchum
754 594 901 693 proprie
916 592 1111 690 spectantia
1131 615 1139 660 :
1157 588 1202 662 dc
1216 594 1342 662 ceteris
1351 591 1609 690 corrumpendi

128 721 243 795 modis
256 773 265 810 ,
278 743 371 817 quos
387 739 470 787 cum
487 711 653 812 plurimis
671 707 906 807 scriptoribus
920 721 1088 807 expertus
1108 720 1162 778 est
1183 731 1412 797 communes,
1431 723 1466 779 et
1483 708 1610 780 inutile

128 836 219 908 foret
236 833 307 906 dici
329 855 396 903 nec
412 841 531 929 potest
548 829 615 898 nisi
633 827 671 895 in
687 821 844 896 editione
865 821 1033 894 codicum
1050 820 1307 893 variationibus
1323 826 1509 895 instructa.

174 957 227 1023 De
243 949 380 1022 lacunis
398 939 589 1044 implendis
609 943 639 1010 si
655 935 928 1038 desperatafere
945 952 1111 1029 reserat,
1134 941 1173 1009 in
1186 939 1334 1037 reliquis
1354 955 1473 1011 tamen
1496 963 1612 1011 emen·

129 1065 253 1138 dandis
268 1089 334 1137 nos
343 1063 470 1134 eximie
480 1057 618 1154 adjuvit
634 1053 854 1126 Bibliotheca
866 1058 975 1153 Regia
987 1069 1023 1126 et
1035 1053 1290 1128 Praefectorum
1306 1055 1383 1151 ejus
1399 1079 1464 1155 per
1480 1053 1609 1126 orbem

129 1182 307 1252 literatum
333 1174 511 1250 celebrata
533 1172 750 1244 humanitas.
770 1167 920 1242 Codices
951 1176 1049 1244 enim
1066 1168 1287 1264 Plutarchei,
1308 1196 1402 1267 quos
1424 1172 1613 1243 thesaurus

131 1292 457 1389 illeconditmagno
472 1309 642 1374 numere,
664 1309 686 1356 a
703 1289 827 1357 Graeco
846 1282 1088 1359 hominccum
1112 1285 1299 1358 Reiskiana
1316 1284 1475 1357 editione
1492 1283 1612 1357 collati

131 1408 274 1482 fuerunt
289 1431 430 1496 omnes,
450 1429 526 1476 non
542 1403 698 1502 perfecta
720 1398 869 1496 quidem
889 1405 1132 1492 accuratione,
1156 1398 1219 1472 sed
1237 1397 1353 1471 multo
1370 1415 1467 1472 certe
1486 1395 1614 1472 melius

131 1524 187 1595 ille
198 1521 562 1607 remadministravit‚
579 1541 690 1613 quam
707 1518 732 1584 ii
746 1512 1158 1612 quibusWyttenbachii
1175 1517 1280 1584 amici
1288 1517 1500 1585 Parisieuses
1517 1511 1612 1585 idem

130 1642 313 1736 negotium
334 1632 646 1734 demandaverunt.
666 1631 782 1725 Hujus
793 1631 928 1726 operis,
941 1628 1057 1701 tribus
1066 1627 1313 1701 voluminibus
1322 1625 1615 1727 cornprehensiet

131 1755 165 1820 in
188 1749 410 1822 Bibliotheca
430 1750 540 1846 Regia
563 1747 708 1832 servati,
737 1768 852 1839 quum
879 1743 985 1815 nobis
1001 1759 1139 1844 pateret
1160 1743 1294 1834 aditus,
1315 1743 1614 1816 committendum

131 1891 202 1937 uon
217 1880 293 1938 erat
310 1879 353 1937 ut
370 1863 438 1936 hac
459 1861 626 1934 felicitate
639 1857 683 1931 ad
696 1856 895 1930 ornandam
909 1857 1106 1930 editionem
1124 1872 1284 1929 nostram
1300 1855 1400 1928 haud
1413 1871 1610 1929 uteremur.

130 1983 207 2072 Qua
225 1983 263 2050 iu
278 2003 317 2050 re
336 1978 407 2049 hoc
422 1975 532 2049 modo
550 1998 675 2046 sumus
691 1974 832 2043 versati.
1334 2037 1341 2066 ζ
1564 2055 1568 2063 Δ

175 2097 338 2166 Primum
359 2090 667 2190 quandocumque
692 2089 886 2176 sententia,
906 2086 1076 2176 historia,
1094 2089 1324 2184 grammatica
1345 2083 1403 2156 lex
1422 2063 1617 2156 velrheto·

132 2215 201 2282 rica
221 2213 275 2281 vis
293 2233 334 2281 ea
352 2205 604 2308 praecipiebant
614 2229 694 2301 quae
713 2207 749 2273 in
760 2201 970 2274 melioribus
983 2200 1084 2273 libris
1092 2200 1147 2272 vel
1158 2204 1195 2272 in
1205 2198 1377 2271 omnibus
1386 2194 1611 2296 legebantur,

131 2326 261 2398 horum
275 2329 489 2425 scripturam
500 2320 599 2394 haud
609 2333 819 2392 cunctanter
835 2322 1053 2417 recepimus,
1065 2329 1202 2390 mutata
1218 2313 1357 2412 vidgari
1371 2340 1379 2382 :
1393 2315 1453 2385 cui
1469 2303 1617 2409 quidem

131 2467 202 2512 uon
218 2445 329 2539 magis
343 2438 416 2512 lere
425 2441 671 2539 pepercimus,
686 2433 851 2533 quando,
865 2457 930 2534 per
945 2457 982 2504 se
997 2430 1081 2503 licet
1096 2430 1195 2502 bona
1205 2442 1270 2501 aut
1284 2425 1500 2516 tolerabilis,
1520 2424 1619 2498 codi-

132 2583 215 2628 cum
231 2572 351 2628 tamen
364 2569 461 2626 recta
479 2567 515 2624 et
525 2550 729 2623 indubitata
743 2548 980 2649 praebentium
992 2547 1204 2618 auctoritate
1216 2539 1469 2614 damnabatur.
1493 2538 1562 2611 Sed
1579 2544 1617 2610 iu

134 2670 264 2742 talibus
279 2695 336 2741 res
353 2673 430 2768 ipsa
438 2667 604 2763 loquitur
623 2689 689 2737 nec
700 2667 896 2760 quicquam
906 2675 960 2735 est
980 2658 1215 2732 difficultatis.

177 2787 341 2858 Alterum
353 2809 439 2856 vero
456 2808 570 2882 genus
585 2782 773 2869 locorum,
790 2775 890 2876 quod
904 2777 1156 2848 constituimus
1166 2823 1175 2861 ,
1186 2769 1396 2867 nobissaepe
1405 2765 1618 2864 scrupulum

131 2905 252 2999 injecit
266 2917 302 2973 et
322 2924 487 2999 magnam
504 2897 779 2970 dubitationem.
797 2899 888 2966 Sunt
904 2890 957 2962 illi
970 2888 1272 2974 numerosissimi,
1285 2907 1380 2981 quos
1392 2896 1465 2952 tam
1475 2878 1619 2952 codices

132 3043 240 3115 quam
249 3015 425 3088 editiones
436 3018 486 3085 ita
502 3027 695 3112 corruptos
704 3009 887 3111 praebent,
902 3021 944 3079 ut
953 3003 1010 3077 vel
1021 3007 1107 3075 vitia
1115 3002 1338 3102 apertissima
1348 3008 1551 3068 monstrent
1562 2992 1617 3065 vel

132 3134 220 3206 adeo
241 3129 395 3230 intelligi
408 3153 482 3202 non
507 3131 658 3230 possint.
674 3125 776 3198 Tales
790 3118 1088 3224 wyttenbachius
1101 3119 1233 3218 partim
1251 3111 1308 3184 de'
1318 3111 1526 3207 conjectura
1541 3132 1620 3179 cor·

133 3253 243 3336 rexit,
265 3261 303 3319 at
330 3243 447 3317 multo
468 3242 592 3344 plures
608 3246 648 3313 in
667 3243 840 3314 orationis
860 3240 951 3311 serie
967 3238 1120 3306 intactos
1147 3227 1412 3313 maneresivit,
1438 3220 1619 3322 probabili

132 3362 381 3436 emendatione
395 3363 434 3432 in
446 3363 606 3458 margine
614 3357 794 3455 subjecta,
806 3375 917 3452 quam
928 3349 1055 3437 lector,
1071 3343 1137 3416 ubi
1149 3343 1305 3428 haesitat,
1320 3339 1501 3434 corruptis
1516 3334 1615 3406 illico

132 3478 351 3552 substituere
363 3489 500 3576 potest,
518 3489 555 3546 et
570 3476 806 3574 perexiguum
824 3474 862 3541 in
876 3463 1030 3566 legendo
1049 3458 1349 3560 impedimentum
1365 3476 1489 3552 passus
1505 3449 1551 3522 ad
1567 3474 1621 3522 se·

133 3598 280 3691 quentia
292 3613 452 3692 pergere.
474 3585 544 3661 Sed
561 3583 739 3684 ejusmodi
754 3583 1025 3655 monstrationis
1041 3581 1080 3648 in
1091 3581 1160 3648 ima
1179 3575 1309 3673 pagina
1325 3564 1619 3654 commoditatem

134 3708 346 3782 excludebat
358 3709 450 3777 ratio
461 3703 572 3801 hujus
589 3701 769 3774 editionis.
788 3703 929 3792 Quare,
950 3693 1134 3795 perpensis
1151 3684 1337 3772 omnibus,
1352 3682 1446 3753 hanc
1464 3678 1621 3775 denique

134 3825 237 3897 uobis
250 3824 368 3924 legem
381 3823 605 3920 scripsimus,
621 3830 664 3889 ut
675 3813 740 3888 ubi
755 3826 1014 3912 corruptorum
1027 3806 1192 3878 locorum
1206 3809 1384 3870 exstarent
1402 3792 1621 3865 emendatio·

134 3965 210 4031 nes,
221 3966 303 4038 quae
313 3954 350 4011 et
358 3939 516 4010 veritatis
528 3938 682 4034 speciem
694 3933 884 4002 maximam
900 3951 973 4028 prae
983 3949 1020 3996 se
1032 3920 1167 3993 ferrent
1177 3909 1440 4012 etprobabt'lcm
1451 3914 1619 4022 origt'uem

136 4060 367 4155 corruptionis
383 4052 491 4126 simul
495 4051 760 4150 parificarent,
777 4045 1084 4141 easreciperemus
1094 4062 1104 4125 3
1116 4057 1242 4105 verum
1254 4028 1318 4100 ubi
1333 4027 1528 4113 correctio,
1545 4046 1621 4094 sen·

136 4175 281 4242 tentiam
299 4166 448 4267 quidem
461 4169 668 4251 restituens,
687 4156 864 4257 ejusmodi
876 4173 995 4229 tamen
1014 4164 1121 4239 esset,
1141 4161 1183 4221 ut
1199 4169 1272 4243 qua
1288 4146 1425 4215 ratione
1441 4143 1479 4208 in
1500 4138 1620 4236 vulga·

136 4285 276 4358 remrel
295 4283 464 4358 codicum
477 4285 691 4380 scripturam
706 4275 867 4362 abiisset,
891 4295 965 4342 non
984 4270 1068 4339 satis
1087 4274 1295 4363 appareret,
1316 4277 1435 4352 neque
1453 4276 1620 4352 agnosce·

137 4417 234 4475 retur
248 4401 300 4474 ibi
318 4398 444 4472 solitus
456 4396 531 4469 fere
546 4399 584 4466 in
599 4389 785 4466 codicibus
801 4383 991 4462 aberrandi
1011 4378 1163 4468 modus,
1183 4375 1271 4448 tales
1286 4388 1329 4446 ut
1349 4367 1619 4470 repudiaremus

137 4515 283 4614 ubique.
304 4517 360 4586 Ita
374 4533 639 4608 nonnunquam
666 4510 774 4579 etiam
797 4527 865 4603 pro
879 4493 1018 4591 vulgari
1042 4501 1163 4574 textu,
1182 4506 1292 4580 quem
1315 4503 1390 4550 non
1417 4483 1617 4546 mutaverat

137 4627 454 4730 wyttenbachius,
473 4649 541 4696 nos
556 4621 723 4696 codicum
732 4615 941 4715 corruptam
954 4608 1169 4704 scripturam
1180 4599 1386 4696 posuimus,
1403 4583 1551 4686 quaudo
1566 4588 1619 4653 in-

138 4741 273 4814 felicem
288 4743 366 4839 ejus
382 4737 545 4812 sanandae
569 4748 741 4808 conatum
756 4727 865 4828 vulgo
886 4721 955 4824 legi
979 4718 1084 4791 nobis
1107 4730 1406 4816 persuaseramus.
1436 4705 1492 4774 Sic
1510 4703 1620 4799 igitur

90 4923 93 4930 .
140 4855 273 4928 nodum
282 4855 389 4928 illum
405 4851 618 4927 solvendum
634 4871 710 4922 esse
725 4843 985 4944 judicavimus,
1001 4838 1065 4932 qui
1079 4829 1184 4902 nobis
1202 4832 1239 4897 in
1256 4823 1317 4896 tali
1334 4817 1541 4893 conditione
1558 4838 1620 4885 ne·

140 4967 313 5042 ctebatur.
330 4973 409 5040 Hoc
424 4966 535 5038 modo
547 4963 663 5036 lector
682 4983 802 5057 neque
820 4959 925 5027 nimis
939 4973 1030 5050 saepe
1054 4942 1227 5032 offendet,
1258 4960 1377 5036 neque
1397 4957 1521 5006 rursus
1545 4928 1620 5001 edi-

142 5085 224 5155 tioni
238 5099 369 5156 nostrae
387 5078 528 5154 diffidet
543 5092 586 5150 ut
598 5074 768 5149 audacius
780 5057 1201 5159 vellcviusinterpolatae.
1218 5052 1376 5127 Similem
1385 5048 1458 5120 lere
1468 5042 1619 5118 modum

142 5221 250 5302 apag.
264 5207 332 5290 242
351 5198 409 5272 ed.
427 5195 552 5270 Wech.
578 5204 742 5267 tenuerat
756 5183 969 5270 Schoelerus,
986 5174 1048 5250 sed
1073 5178 1124 5264 is,
1142 5187 1185 5244 ut
1198 5195 1265 5243 nos
1281 5164 1503 5264 judicamus,
1527 5181 1619 5255 saepe

142 5311 233 5410 justo
244 5317 451 5389 liberiorem
465 5309 667 5411 sepraebuit
679 5304 890 5402 ,aliquoties
905 5299 1012 5368 etiam
1025 5287 1284 5386 indiligentem.
1297 5287 1465 5354 Ceterum
1475 5295 1618 5370 magno·
