3818 5838
266 434 293 492 ⁴5
880 438 1117 510 PRAEFATIO.

258 607 338 654 rum
347 586 554 655 criticorum
565 599 623 674 ‚ut
632 587 808 656 Meziriaci
820 636 829 673 ‚
841 582 973 655 Reiskii
984 636 994 673 ,
1006 582 1283 680 Wyttenbachii,
1299 586 1566 664 emendationes
1574 594 1740 694 plurimae

256 693 441 768 codicibus
457 699 621 767 Parisinis
637 694 910 784 confirmantur,
924 719 1013 793 quas
1027 720 1070 768 co
1086 696 1328 772 confidentius
1346 707 1504 802 recipere
1517 723 1738 805 poteramus.

305 810 748 908 Nonnunquamcodicum
758 817 947 910 scriptura,
955 828 1126 913 corrupta
1135 813 1283 911 quidem
1291 819 1380 916 ipsa,
1391 823 1485 892 viam
1495 836 1614 895 tamen
1623 851 1743 898 emen·

258 923 366 996 dandi
381 927 603 999 monstrabat
614 927 721 1027 plane
738 926 914 998 diversam
929 924 976 997 ab
993 941 1136 1025 recepta
1148 931 1347 1025 antiquitus
1362 929 1535 1023 lectione,
1554 963 1665 1033 quam
1681 939 1742 1012 de·

257 1063 372 1112 serere
382 1041 437 1112 vel
451 1031 1149 1141 nonpoteramus,melioribusnondum
1162 1049 1311 1144 repertis
1322 1099 1332 1136 ,
1342 1046 1400 1119 vel
1410 1049 1534 1148 religio
1545 1068 1637 1141 erat,
1654 1053 1742 1127 dum

257 1155 437 1230 subitariis
454 1160 607 1228 inventis
633 1155 878 1230 diffideremus
894 1172 950 1246 et,
973 1155 1189 1229 instantibus
1209 1163 1349 1258 operis,
1371 1161 1417 1233 ad
1442 1163 1597 1238 eundem
1622 1165 1743 1240 locum

256 1270 327 1344 alio
342 1285 505 1370 tempore
522 1269 639 1343 redire
653 1297 727 1343 non
737 1271 870 1344 liceret.
888 1276 950 1343 Est
963 1275 1071 1344 etiam
1081 1272 1145 1344 ubi
1161 1273 1305 1371 vulgata
1319 1275 1507 1351 manifesto
1517 1305 1561 1352 ex
1575 1259 1744 1380 praestan·

258 1383 411 1455 tioribus
427 1382 529 1455 libris
539 1383 695 1456 fluxerit.
713 1389 880 1482 Denique
894 1383 1010 1482 (quod
1028 1392 1180 1460 maxime
1195 1393 1497 1491 circumspectum
1517 1394 1669 1469 reddere
1684 1397 1744 1470 de-

257 1497 381 1595 bebat)
391 1502 428 1569 in
441 1503 698 1597 antiquissimis
714 1499 882 1573 codicum
898 1514 1108 1573 nostrorum
1120 1508 1342 1601 apertissima
1356 1505 1660 1607 deprehendimus
1683 1537 1745 1586 au·

258 1612 355 1686 dacis
369 1615 656 1715 interpolationis
670 1620 863 1716 specimina
875 1668 885 1707 ,
897 1616 1053 1716 plurima
1063 1620 1100 1688 in
1112 1622 1163 1707 D,
1180 1624 1244 1716 qui
1260 1620 1605 1723 nibilominusaeque
1614 1626 1745 1700 multas

258 1736 410 1804 servavit
419 1735 774 1832 sincerasscripturas
783 1746 819 1803 et
828 1735 904 1803 sine
913 1729 1259 1806 dubioaPlutarcbo
1270 1734 1449 1834 profectas
1461 1765 1469 1808 :
1482 1743 1653 1838 pauciora
1661 1757 1747 1814 sunt

258 1852 294 1920 in
317 1855 357 1940 F,
370 1848 531 1948 ejusdem
542 1847 662 1921 saeculi
673 1845 809 1921 codice.
823 1845 1115 1946 interpolationis
1136 1850 1246 1945 igitur
1256 1847 1321 1920 ubi
1336 1855 1492 1953 suspicio
1502 1867 1594 1943 erat,
1611 1854 1667 1925 vel
1684 1853 1747 1926 ali·

259 1963 350 2062 quid
360 1963 597 2036 dubitationis
611 1976 675 2035 aut
682 1961 906 2035 incommodi
922 1963 961 2030 in
976 1962 1143 2034 codicum
1155 1963 1329 2055 lectione,
1344 1990 1419 2036 non
1436 1971 1615 2040 movimus
1628 1968 1747 2068 vulga·

259 2095 344 2153 tam.

303 2201 392 2270 Duae
405 2218 460 2266 res
470 2197 711 2294 supersuntin
723 2193 858 2291 quibus
880 2207 1005 2266 nostro
1011 2191 1148 2289 judicio
1163 2195 1310 2263 minime
1318 2191 1546 2267 indulsimus.
1559 2200 1746 2289 Quaeoum·

258 2334 331 2408 que
357 2314 394 2380 in
420 2308 607 2382 codicibus
631 2311 799 2380 Parisinis
830 2307 887 2379 vel
914 2308 1084 2381 omnibus
1112 2307 1168 2379 vel
1198 2305 1306 2379 bonis
1335 2308 1628 2409 quibuscumque
1667 2339 1743 2386 nou

256 2425 439 2522 leguntur,
459 2449 500 2496 ea
513 2422 652 2520 ubique
668 2425 770 2495 uncis
788 2417 828 2522 []
844 2418 1065 2495 includenda
1081 2425 1284 2494 curavimus
1303 2448 1311 2492 :
1346 2424 1500 2522 proinde
1530 2424 1606 2497 hac
1623 2429 1743 2524 signa,

256 2540 340 2612 licet
350 2539 515 2640 plurimis
525 2541 562 2609 in
574 2535 664 2610 locis
672 2541 825 2637 pessima
836 2537 1047 2611 adsumente
1060 2551 1205 2626 notent,
1218 2563 1285 2636 pro
1300 2541 1413 2609 critici
1422 2537 1574 2635 alicujus
1592 2539 1637 2611 de
1650 2543 1747 2636 νοθείᾳ

258 2652 435 2752 ejusmodi
445 2652 708 2726 vocabulorum
714 2652 852 2750 judicio
867 2653 1000 2726 habere
1012 2653 1100 2726 noli.
1121 2651 1179 2724 Ob
1193 2651 1265 2723 hoc
1281 2654 1489 2724 institutum
1503 2652 1631 2725 iisdem
1644 2659 1748 2729 uncis

257 2766 562 2842 circumdedimus
582 2793 663 2865 quae
673 2765 828 2839 editores
846 2783 883 2839 et
898 2782 1035 2841 veteres
1053 2783 1089 2840 et
1105 2771 1190 2840 novi
1207 2770 1382 2840 sententia
1402 2765 1585 2866 flagitante
1598 2768 1643 2842 de
1662 2795 1748 2843 eon·

252 2884 392 2980 jectum
404 2881 624 2980 adjecerunt.
641 2881 841 2984 Duplieatis
856 2887 959 2956 uncis
971 2882 987 2965 [
1000 2882 1176 2975 latinius,
1192 2883 1339 2982 quando
1357 2879 1485 2958 lacuna
1503 2881 1673 2958 codicum
1687 2905 1749 2954 ex·

257 2997 389 3096 pletur.
415 3003 567 3068 Lacunae
578 3023 719 3099 semper
727 2998 949 3098 expluribus
961 3004 1133 3074 astertecis
1151 3015 1376 3073 noscuntur:
1399 3001 1466 3072 uni
1476 3005 1633 3072 asterisci
1642 3004 1749 3100 signi·

258 3114 368 3188 licant
385 3119 485 3186 initia
507 3119 718 3214 paginarum
731 3113 1053 3188 Wecbelianarum·
1077 3113 1508 3216 [Parenthesiumsignis(
1556 3113 1571 3214 )
1591 3114 1748 3212 denique

259 3230 460 3303 indicamus
484 3230 660 3303 vocabula
681 3234 809 3304 seriem
831 3231 1026 3321 turbantia,
1049 3254 1131 3326 quae
1166 3226 1319 3300 delenda
1336 3252 1412 3300 esse
1436 3228 1618 3320 videntur,
1647 3244 1749 3303 certe

261 3347 461 3420 omittenda
482 3362 568 3421 suut
585 3351 680 3418 inter
696 3344 906 3450 legendum,
921 3343 1010 3419 dum
1028 3371 1050 3418 a
1066 3343 1162 3418 felici
1176 3347 1302 3416 critico
1321 3359 1505 3417 sanentur.
1524 3345 1641 3418 Multa
1655 3347 1748 3443 ejus·

262 3461 364 3534 modi
385 3467 423 3533 in
442 3463 554 3536 altero
573 3461 758 3533 volumine
775 3459 984 3532 reduximus
1001 3465 1105 3534 tacite
1122 3483 1144 3531 a
1161 3458 1345 3559 prioribus
1361 3458 1490 3531 deleta.
1512 3457 1585 3533 Ubi
1607 3460 1746 3560 vulgari

261 3591 297 3647 et
310 3577 416 3649 solito
439 3604 509 3650 usu
527 3581 627 3677 signa
642 3575 704 3647 illa
723 3588 915 3672 ponantur,
937 3598 994 3649 res
1013 3579 1089 3675 ipsa
1111 3571 1315 3671 indicabit]

305 3696 360 3764 De
378 3691 609 3764 translatione
625 3689 749 3779 latina,
770 3713 879 3787 quam
896 3687 1019 3762 multis
1034 3693 1071 3760 in
1090 3686 1179 3761 locis
1197 3691 1438 3778 correximus,
1459 3687 1531 3761 hoc
1548 3688 1745 3762 tenendum

258 3821 323 3896 est,
342 3807 569 3906 Xylandrum
599 3823 635 3882 et
663 3799 981 3906 Wy’ttenbachium
999 3811 1037 3878 in
1058 3809 1238 3904 corruptis
1265 3803 1429 3904 partibus
1461 3829 1536 3876 non
1565 3829 1646 3876 raro
1665 3819 1746 3876 suas

257 3936 320 3992 aut
337 3921 491 4010 aliorum
514 3925 742 4021 ¹conjecturas
762 3925 995 4020 expressisse,
1015 3947 1105 4021 quas
1126 3925 1162 3992 in
1181 3945 1293 4020 graeca
1313 3917 1484 4018 quidem,
1514 3919 1563 3992 ob
1588 3924 1744 3993 rationes

258 4055 366 4136 supra
381 4041 578 4136 expositas,
594 4040 751 4136 recipere
768 4062 842 4107 non
860 4051 1079 4136 poteramus.
