3758 5862
149 343 225 398 10⁰0

148 465 243 548 ἐτέρων
263 465 363 544 ἀρετῶν
386 462 431 522 καί
454 458 589 538 δυνάμεων
617 453 851 541 φιλοτιμουμένοις.
896 455 928 533 (ι)

659 325 873 387 IIOlllTlKll
900 321 1271 382 ΠΑΡΛΓΓΕΛΜΑΤΑ.

1426 327 1490 401 (ειν,
1503 340 1588 386 u—r.
1603 343 1662 404 ιω,
1674 352 1717 398 r,
1733 323 1785 404 ει.)

978 463 1073 523 menta;
1090 460 1114 510 et
1129 472 1144 509 a
1159 458 1263 510 diversis
1277 459 1408 512 virtutibus
1423 463 1529 527 protecta
1544 465 1626 526 gloriae
1643 464 1782 526 cupiditas

148 551 277 632 Λάμύανε
288 550 319 622 δν)
326 549 371 610 καί
381 549 453 623 δίκης
463 548 584 629 συνεργὸν
594 547 640 606 καί
649 545 790 628 πρεσόείας
797 542 928 617 κοινωνὸν,
972 541 1171 592 νῦννῑθῐνῑῑῠῐθῑνθν
1181 556 1228 592 11θῦ
1238 546 1277 592 est
1285 541 1396 593 obnoxia·
1428 544 1462 608 (l)
1469 547 1531 608 rugo
1541 547 1566 596 in
1577 546 1691 596 obeundo
1700 545 1781 610 judi·

148 642 179 702 ἀν
193 641 276 720 λέγειν
293 638 329 718 μὴ
340 638 445 706 δυνατὸς
459 630 502 718 ᾖς,
512 637 556 697 τὸν
573 635 717 719 ῥητορικὸν,
729 638 765 703 ὡς
779 631 929 700 Πελοπίδας
972 625 1009 675 cio
1025 629 1068 674 aul
1083 625 1214 688 legatione,
1229 625 1249 674 sl
1269 623 1320 688 lpse
1336 639 1384 676 nou
1401 627 1435 676 sis
1452 626 1582 690 ineundus,
1597 633 1649 680 arte
1667 627 1778 679 dicendi

148 727 379 809 Ἐπαμεινώνδαν·
399 726 448 786 κάν
466 726 592 795 ἀπίθανος
611 725 676 807 πρὸς
696 727 709 783 ὁ

36 811 42 820 ”
125 819 192 879 ικαὶ
205 817 314 900 ὑψηλὸς,
326 820 361 884 ὡς
372 813 599 897 Καλλικρατίδας,
613 812 658 873 τὸν
673 811 780 896 εὔχαριν
792 809 837 870 καλ
849 816 929 890 θερα-

146 906 280 966 πευτικόν·
293 905 342 965 κάν
359 903 468 975 ἀσθενὴς
479 902 509 963 τὸ
526 908 603 981 σῶμα
615 901 662 962 καί
679 900 816 981 δύσεργος,

145 997 253 1055 λόπονον
264 993 310 1053 καλ
326 990 470 1074 ῥωμαλέον,
483 995 518 1058 ὡς
529 990 623 1058 Νικίας
637 988 779 1069 Λάμαχον.
802 988 832 1066 (a)
848 983 928 1048 Οὐτω

145 1083 196 1166 γάρ
211 1083 267 1163 [ἂν]
281 1075 312 1156 ἦν
329 1087 343 1141 θ
359 1079 492 1163 Γηρυόνης
510 1078 639 1152 ζηλωτὸς,
655 1077 724 1158 ἔχων
744 1077 825 1148 σκελη
839 1072 928 1133 πολλὰ

864 1159 871 1182 Ι

711 719 928 802 ,rimmo
972 705 1565 856 illitteraturaliutai?
1580 710 1778 857 {atara

827 897 871 956 τὸν
883 919 928 978 q,—
972 874 1051 939 qualis
1069 874 1114 925 luit
1125 875 1304 938 Callicratidas,
1321 876 1451 938 gratiosum
1467 831 1572 942 aliquem
1587 831 1777 930 etdemeoendl

972 957 1057 1021 populi
1068 969 1183 1020 guarum
1195 958 1217 1007 si
1228 970 1316 1021 corpus
1327 957 1475 1008 imbecillum
1490 963 1515 1009 et
1529 959 1619 1012 laboris
1631 961 1776 1024 impatiens

972 1039 1018 1102 sit,
1033 1040 1143 1091 laborum
1157 1041 1300 1091 tolerantem
1314 1053 1343 1090 ac
1358 1041 1485 1091 robustum
1501 1043 1623 1107 aliquem,
1641 1047 1671 1094 ut
1684 1045 1775 1096 Nicias

973 1123 1128 1172 Lamachum.
1162 1123 1196 1186 (5)
1207 1122 1319 1174 sicenim
1329 1122 1353 1172 in
1362 1121 1613 1176 admirationeluisset
1623 1128 1773 1190 Geryones,

146 1173 191 1232 καί
205 1180 296 1254 χεῖρας
309 1169 354 1229 καλ
367 1166 530 1251 όφθαλμούς,
544 1170 567 1228 εί
580 1166 668 1226 πάντα
681 1176 730 1248 μιᾷ
743 1167 817 1246 ψυχῇ
828 1164 927 1272 διιρκερ.
972 1199 1064 1252 habens
1079 1215 1149 1252 cmm
1165 1204 1255 1264 musta,
1271 1207 1297 1254 et
1312 1216 1412 1265 manus,
1426 1206 1562 1268 mum,
1579 1205 1602 1256 si
1616 1219 1706 1258 om
1719 1209 1774 1258 hm

109 1282 133 1322 ¹⁰
148 1263 179 1340 (6)
202 1263 266 1328 Τοῖς
280 1257 308 1320 δὲ
322 1262 464 1324 mmm<
482 1256 579 1329 ἔξῑντνι
596 1254 633 1334 μθ
646 1253 760 1332 cepere
781 1251 928 1333 μηδὲλθη·
972 1289 1052 1348 partes
1063 1298 1145 1348 regere
1156 1285 1276 1348 potuisset
1286 1287 1367 1336 animo
1380 1301 1437 1337 uno.
1471 1287 1695 1352 (cibetureutem
1705 1292 1773 1342 eiri-

147 1372 219 1427 ματα
232 1348 320 1428 μόνον,
335 1345 403 1406 ἀλλά
417 1344 462 1406 καί
475 1343 557 1426 τύχας
569 1344 615 1406 καί
627 1341 750 1421 δυνάμεις
760 1341 805 1402 καλ
820 1339 928 1422 ἀρετὰς,
972 1369 1036 1420 lib„
1047 1369 1107 1432 hoc,
1118 1374 1145 1420 u,
1156 1383 1204 1420 ,0,
1218 1383 1318 1434 mmo„
1332 1374 1427 1422 mutum
1442 1371 1466 1422 e,
1478 1374 1605 1436 pecunias,
1617 1374 1662 1426 m
1673 1379 1700 1426 a
1714 1378 1772 1426 sor-

146 1437 178 1498 ἃν
199 1440 352 1516 ὅμοννῶσννν
367 1437 404 1503 εἷς
428 1432 491 1512 pto
513 1431 604 1513 χρείαν
624 1429 803 1503 νννννθένννς,
827 1429 927 1507 μᾶθλνν
972 1453 1056 1511 tunes,
1067 1455 1092 1501 et
1103 1451 1249 1515 potentiam,
1260 1451 1421 1513 etrirtutem,
1432 1453 1452 1502 si
1463 1452 1563 1516 quidem
1574 1456 1707 1508 concordes
1717 1458 1771 1521 ipsi

147 1527 291 1604 εὐδοκιμεῖν
304 1523 384 1583 ἀλλον
398 1521 459 1605 περ)
470 1521 517 1594 τὴν
531 1519 612 1594 αὐτὴν
623 1518 732 1602 πρᾶξιν·
745 1521 794 1600 οὐχ
804 1516 894 1598 ὥσπερ
905 1519 928 1576 οἱ

147 1614 316 1697 Ἀργοναῦται
328 1611 373 1670 τάν
386 1608 524 1693 Ἡρακλέα
538 1607 730 1676 καταλιπόντες
748 1603 927 1686 ἠναγκάζοντο

108 1713 133 1753 ¹⁶
147 1702 191 1762 διδι
208 1708 254 1775 τῆς
274 1699 484 1781 γυναικωνίτιδος
497 1699 672 1780 κατᾳδόμενοι
687 1697 733 1758 καὶ
746 1719 929 1778 καταφαρμα-

147 1789 296 1867 κευύμενοι,
311 1788 401 1859 σώζειν
415 1788 522 1857 ἑαυτούς
536 1787 582 1848 καί
596 1787 718 1848 κλέπτειν
732 1785 763 1845 τὸ
777 1783 864 1852 νάκος.
897 1785 928 1862 (7)

148 1879 251 1962 Χρυσδν
267 1877 315 1958 μὲν
333 1881 368 1945 εἰς
380 1876 436 1936 ένια
454 1881 506 1936 τῶν
520 1881 596 1960 ἱερῶν
610 1875 732 1943 εἰσιόντες
744 1873 793 1943 ἔξω
805 1872 928 1932 καταλεί-

150 1990 239 2028 πουσι·
254 1965 359 2048 σίδηρον
374 1964 413 2038 δὲ,
429 1971 463 2034 ὡς
478 1966 568 2032 ἀπλῶς
578 1967 670 2038 εἰπεῖν,
686 1965 721 2031 εἰς
733 1961 808 2023 οὐδέν
824 1984 927 2020 συνεισ-

147 2055 279 2139 φέρουσιν·
291 2055 348 2114 ἐπε)
360 2053 387 2114 δέ
405 2054 489 2114 κοινόν
505 2057 574 2114 ἐστιν
591 2051 659 2134 ἱερὸν
670 2052 700 2112 τὸ
714 2055 789 2132 βῆμα
799 2048 929 2110 Βουλαίου

106 2167 134 2208 to
146 2169 174 2206 τε
186 2144 246 2213 Διδς
257 2143 303 2204 καλ
318 2143 449 2216 Πολιέως,
463 2143 509 2203 καί
520 2141 635 2220 Θέμιδος
649 2139 695 2200 καί
709 2139 804 2210 Δίκης,
820 2135 928 2196 αὐτόθεν

147 2233 195 2312 μίν
208 2233 259 2306 ἤδη
276 2230 462 2316 φιλοπλουτίαν
475 2229 521 2290 καλ
540 2225 762 2312 φιλοχρηματίαν,
780 2223 871 2305 ὥσπερ
885 2223 929 2282 σί-

148 2325 236 2403 δηρον,
247 2320 292 2382 καί
304 2318 398 2398 μεστὸν
410 2321 450 2378 tot
464 2317 581 2396 νόσημα,
596 2321 644 2389 τῆς
656 2319 745 2397 ψυχῆς
759 2310 929 2390 ἀποδυσάμε-

769 2401 782 2417 'a

147 2434 189 2480 νος
202 2413 237 2480 εἷς
254 2407 349 2493 ἀγοράς
360 2406 487 2480 καπήλων
501 2403 519 2477 ἢ
531 2407 671 2464 δανειστῶν
686 2403 839 2486 ἀπορριψον·

207 2553 279 2610 Αὐτὸς
290 2549 433 2616 δ’ἀπονόοφι
444 2547 587 2614 τραπέσθαι,
633 2551 637 2560 ’

105 2702 131 2743 αι
148 2675 191 2738 τδν
201 2676 254 2736 ἀπὸ
266 2673 399 2756 δημοσίων
408 2669 634 2757 χρηματιζόμενον
645 2666 787 2750 ἡγούμενος
799 2667 842 2751 ἀφ’
852 2663 928 2749 ίερῶν

144 2765 276 2840 κλέπτειν,
291 2764 343 2824 ἀπδ
359 2763 460 2845 τάφων,
479 2761 532 2822 ἀπὸ
553 2760 647 2844 φίλων,
663 2761 693 2819 ἐκ
706 2756 859 2841 προδοσίας,
874 2754 928 2814 ἀπὸ

149 2850 386 2935 θευδυμαρτυρίας,
404 2849 554 2930 σύμύουλον
575 2847 684 2907 ἄπιστον
699 2839 782 2919 εἶναι,
801 2841 927 2916 δικαστὴν

149 2941 277 3022 ἐπίορκον,
290 2939 406 3019 ἄρχοντα
417 2933 571 3018 δωροδόκον,
582 2936 704 3013 οὐδεμιᾶς
713 2933 803 3000 ἁπλῶς
814 2929 927 3014 καθαρὸν

147 3027 254 3095 ἀδικίας.
294 3025 374 3088 Ὅθεν
383 3029 413 3085 οὐ
425 3027 466 3086 δεῖ
477 3022 564 3084 πολλά
572 3022 633 3103 περὶ
644 3021 742 3082 τούτων
757 3020 865 3100 λίγεια·

106 3137 132 3177 σο
185 3117 303 3177 XXVII.
326 3113 361 3174 ‘H
373 3111 400 3171 dd
413 3111 562 3193 φιλοτιμία,
573 3110 669 3192 καίπερ
679 3101 744 3170 οὐσα
757 3105 927 3188 σούαρωτέρα

145 3207 192 3274 τῆς
214 3197 404 3283 φιλοκερδείας,
418 3201 465 3256 οὐκ
485 3197 625 3265 ἐλάττονας
638 3195 694 3277 ἔχει
708 3201 791 3277 κῆρας
805 3197 832 3255 ἰν
846 3196 926 3253 πολι-

145 3287 213 3370 τείφ.
256 3287 288 3367 (ε)
306 3284 361 3347 Καί
375 3283 427 3366 γάρ
439 3282 469 3344 τδ
479 3275 579 3367 τολμᾷν
591 3287 657 3366 αὐτῇ
672 3282 797 3365 πρόσεστι
811 3285 926 3362 μᾶλλον·

146 3375 274 3458 ἐμφύεται
291 3373 342 3456 γάρ
360 3375 407 3433 οὐκ
425 3373 517 3455 ἀργαῖς
530 3371 590 3432 οὐδὲ
604 3376 752 3447 ταπειναῖς,
767 3373 826 3431 ἀλλ’
842 3373 926 3453 ἐρρω-

147 3466 236 3542 μέναις
244 3464 361 3544 μάλιστα
369 3461 416 3522 καί
423 3470 554 3528 νεανικαῖς
565 3459 745 3543 προαιρέσεσι·
756 3460 802 3530 κα)
814 3459 844 3519 τὸ
853 3483 927 3542 παρα

105 3574 131 3614 sa
146 3559 197 3614 τῶν
208 3554 294 3636 ὄχλων
310 3553 391 3634 ῥόθιον
406 3549 533 3618 πολλάκις
544 3549 690 3632 συνεξαῖρον
704 3549 786 3622 αὐτ-λυ
803 3548 849 3608 κα)
863 3572 927 3608 συν-

145 3643 252 3712 εξωθοῦν
270 3650 324 3711 τοῖς
337 3637 463 3712 ἐπαίνοις,
475 3638 489 3666 *
509 3637 692 3720 ἀκατάσχετον
714 3646 784 3698 ποιεῖ
800 3636 846 3697 κα)
861 3637 926 3696 δυσ-

146 3729 353 3811 μεταχείριστον.
391 3770 395 3778 ·
416 3730 447 3808 (a)
460 3726 565 3810 Ὥσπερ
577 3718 621 3787 οὐν
632 3725 773 3788 θΠλάτων
786 3723 925 3787 ἀκουστέον

146 3810 275 3886 εἶναιτοῖς
286 3817 351 3886 νέοις
363 3817 450 3896 ἔλεγεν
466 3819 497 3875 ἐκ
511 3815 614 3876 παίδων
627 3814 713 3889 εὐθὺς,
728 3817 764 3884 ὣς
776 3814 835 3876 οὐτε
848 3837 926 3895 περι-

146 3913 247 3968 κεῖσθαι
259 3906 357 3989 χρυσὸν
376 3910 463 3972 αὐτοῖς
482 3901 583 3978 ἔξωθεν,
598 3903 657 3965 οὐτε
679 3909 821 3978 κεκτῆσθαι
840 3902 925 3983 θέμις,

104 4019 131 4060 ιο
147 3998 239 4057 οἷκιῖον
251 3996 319 4075 ἀυτῇ
331 3997 404 4076 ψυχῇ
415 3991 631 4071 συμμεμιγμένον
643 3991 767 4074 ἔχοντας,
778 3991 926 4071 αἰνιττόμε-

145 4107 203 4154 νος,
215 4073 306 4159 οίμαι,
317 4077 365 4152 τλν
376 4083 405 4138 ἐκ
425 4078 514 4158 γένους
535 4079 710 4139 διατείνουσαν
725 4082 761 4147 είς
778 4077 827 4148 τάς
838 4078 926 4160 φύσεις

145 4173 232 4230 αὐτῶν
249 4165 357 4249 ἀρεπίν·
372 4165 440 4227 οὐτω
457 4165 675 4249 παραμυθώμεθα
696 4165 744 4239 τλν
765 4167 924 4250 φιλοτιμίαν,

144 4257 262 4337 λέγοντες
274 4259 299 4316 ἐν
314 4259 414 4322 ἑαυτοῖς
424 4253 522 4336 χρυσὸν
536 4253 606 4334 ἔχειν
624 4252 781 4337 ἀδιάφθορον
797 4255 843 4315 καί
856 4255 922 4329 ἀκή·

145 4368 221 4426 ρατον
234 4341 279 4402 καὶ
292 4341 420 4427 ἄχραντον
433 4340 483 4400 ὑπὸ
494 4338 587 4424 φθόνου
599 4341 645 4401 καί
658 4339 751 4420 μώμου
764 4341 854 4421 τιμὴν,
867 4341 924 4423 ἀμα

103 4455 130 4496 ιο
144 4436 263 4514 λογισμῷ
286 4431 332 4491 καί
348 4427 548 4512 παραθεωρήσει
571 4432 622 4488 τῶν
645 4428 837 4512 πεπραγμένων
859 4433 923 4511 ἡμῖν

144 4521 189 4582 καί
203 4517 430 4599 πεπολιτευμένων
446 4515 630 4596 αὐξανόμενον·
674 4519 705 4596 (ι)
720 4517 759 4579 διδ
771 4517 808 4596 μὴ
824 4520 924 4581 δεῖσθαι
969 4577 975 4588 ,

144 4607 314 4691 γραφομένων
331 4605 444 4686 τιμῶνῆ
465 4604 653 4683 πλαττομένων
674 4605 923 4687 ἢχαλκοτνπουμί-

147 4721 204 4769 νων,
217 4699 243 4756 ἕν
256 4687 296 4764 αἶς
307 4695 352 4756 καλ
363 4695 393 4756 τδ
408 4697 557 4772 εὐδοκιμοῦν
570 4693 705 4777 ἀλλότριόν
720 4697 799 4757 ἐστιν.
822 4695 922 4756 Ἐπαι-

144 4787 226 4842 νεῒται
237 4781 287 4866 γδιρ
301 4785 351 4862 οὐχ
362 4775 384 4865 ᾧ
396 4781 510 4862 γέγονεν,
525 4782 582 4842 ἀλλ’
604 4783 645 4864 ὐφ’
658 4775 689 4842 οὐ
704 4781 808 4863 γέγονεν
828 4785 923 4844 δσαλ-

104 4893 131 4934 ιο
144 4869 255 4951 πιγκτὴς
266 4870 311 4929 καὶ
324 4875 339 4930 δ
353 4871 498 4955 δορυφόρος.
541 4872 573 4950 (s)
586 4870 619 4932 Ὁ
634 4869 662 4930 δὲ
677 4871 783 4946 Κάτων,
795 4871 846 4946 ἤδη
859 4871 923 4934 ποτὲ

143 4965 190 5033 τῆς
215 4957 323 5036 Ῥώμης
349 4957 587 5038 ἀναπιμπλαμένης
613 4959 780 5041 ἀνδριάντων,
803 4963 850 5022 οὐκ
873 4964 922 5021 έῶν

146 5051 225 5107 αὐτοῦ
239 5045 370 5125 γενέσθαι,
385 5049 505 5121 Μᾶλλον,
522 5047 587 5130 ἔφη,
602 5047 731 5129 βούλομαι
748 5049 922 5110 πυνθάνεσθαί

144 5160 227 5205 τινας,
241 5133 282 5194 διά
296 5133 323 5194 τί
343 5158 393 5214 μου
406 5133 510 5217 ἀνδριδις
522 5137 551 5195 οὐ
573 5136 671 5211 κεῖται,
683 5135 701 5210 ἢ
717 5135 760 5195 διά
780 5136 806 5196 τί
824 5145 917 5200 κεῖται.

973 1533 1034 1596 siut,
1046 1533 1072 1582 in
1083 1545 1237 1582 communem
1249 1545 1322 1583 usum
1333 1534 1454 1595 conterre,
1467 1548 1496 1584 ac
1508 1535 1598 1597 majore
1610 1551 1687 1600 quam
1699 1553 1768 1588 unus

972 1616 1059 1680 aliquis
1075 1617 1137 1666 alius
1152 1628 1208 1665 cum
1218 1615 1293 1678 gloria
1309 1628 1360 1665 reru
1379 1629 1460 1678 gerere
1473 1617 1564 1679 possint
1577 1633 1584 1666 :
1596 1619 1664 1682 quod
1680 1626 1769 1670 eonua

972 1700 1115 1762 Argonautis
1129 1699 1223 1762 evenit,
1242 1699 1298 1764 qui,
1312 1700 1416 1750 llercule
1432 1699 1541 1762 deserto,
1558 1702 1638 1752 coacti
1655 1709 1715 1754 sunt
1732 1705 1768 1754 ad

972 1785 1113 1844 gyneceum
1127 1779 1268 1843 confugere,
1280 1781 1427 1846 magicisque
1439 1783 1641 1834 incantationibus
1652 1789 1678 1835 et
1689 1798 1765 1837 vene·

974 1863 1033 1916 ficiis
1041 1864 1131 1915 subditi
1141 1865 1216 1914 uitam
1223 1879 1292 1916 suam
1302 1879 1411 1928 serrare,
1421 1866 1547 1930 vellusque
1558 1865 1642 1918 lurtim
1653 1870 1764 1922 auterre.

974 1949 1008 2012 (7)
1023 1955 1115 2001 Aurum
1131 1949 1229 2012 quidem
1244 1949 1270 1999 iu
1285 1949 1397 2014 quaedam
1413 1950 1467 1999 lana
1482 1951 1600 2002 intrantes
1615 1952 1674 2004 ioris
1692 1956 1766 2005 relin-

973 2038 1062 2096 quuut;
1079 2033 1169 2082 terrum
1183 2037 1264 2082 autern
1279 2032 1378 2081 omniuo
1391 2033 1416 2082 in
1432 2032 1526 2082 nullum
1544 2033 1678 2098 important
1699 2041 1761 2087 tem·

972 2110 1067 2174 plum:
1093 2109 1190 2174 quando
1210 2109 1282 2172 igitur
1299 2109 1405 2159 tribunal
1427 2123 1555 2161 commuue
1578 2113 1703 2176 quoddam
1722 2120 1764 2166 est
1865 2133 1866 2174 γ

972 2190 1088 2253 templum
1096 2189 1762 2253 ConsultorlsatqueUrbiteuentisloris,achernidis
1865 2195 1866 2258 Ῑ

973 2272 997 2318 et
1005 2268 1127 2329 ἀπειθίας
1137 2269 1188 2330 jam
1198 2266 1254 2317 inde
1268 2267 1299 2317 ab
1309 2267 1378 2317 initio
1389 2267 1527 2318 diuitiarum
1537 2275 1562 2320 et
1573 2272 1684 2333 pecunie
1695 2275 1764 2336 cupi·

973 2345 1203 2407 ditatem‚tauquaur
1210 2344 1301 2394 terrum
1307 2348 1332 2394 et
1338 2345 1450 2395 morbum
1458 2347 1531 2396 enimi
1538 2348 1653 2410 aeruginis
1660 2350 1763 2413 plenum

973 2438 1063 2476 eruens
1069 2461 1077 2488 ,
1090 2425 1115 2475 in
1124 2436 1261 2489 cauponum
1270 2426 1313 2475 aut
1322 2424 1492 2476 feneratorum
1503 2427 1553 2478 loru
1562 2427 1653 2490 abjice,

1194 2555 1308 2612 longeque
1319 2557 1425 2602 ονενθειυ
1433 2557 1463 2603 ab
1474 2557 1537 2604 lllts:

972 2689 1045 2751 etque
1054 2689 1090 2738 sic
1101 2688 1176 2750 habe,
1189 2701 1246 2738 eum
1257 2687 1299 2751 qui
1308 2693 1431 2752 quaestum
1443 2701 1457 2739 e
1469 2689 1565 2752 publico
1576 2695 1673 2756 captat,
1685 2693 1762 2744 lurni

973 2758 1003 2808 de
1012 2759 1099 2819 saeris,
1109 2757 1140 2810 de
1150 2758 1243 2821 bustis,
1254 2758 1284 2808 de
1294 2760 1391 2821 amicis,
1401 2759 1550 2822 proditione,
1562 2760 1615 2814 taisi
1626 2765 1764 2814 testimonii

972 2827 1075 2878 dictione
1086 2829 1179 2878 lucrum
1191 2842 1311 2892 quaerere,
1323 2829 1424 2878 iudcium
1433 2843 1487 2880 esse
1497 2831 1673 2894 consiliarium,
1685 2835 1763 2898 perju-

972 2913 1026 2949 rum
1036 2899 1153 2962 judicem,
1166 2901 1331 2962 magistratum
1343 2901 1406 2950 dona
1414 2905 1564 2965 captantem,
1576 2903 1681 2968 denique
1693 2908 1763 2956 nullo

972 2983 1020 3020 non
1036 2983 1122 3032 genere
1139 2971 1266 3033 injustitie
1283 2970 1434 3022 obstrictum.
1468 2975 1501 3022 Ut
1516 2973 1562 3023 lure
1575 2973 1607 3024 de
1622 2988 1650 3025 re
1665 2989 1715 3026 non
1730 2978 1764 3026 sit

972 3041 1055 3093 mullis
1066 3055 1128 3105 opus
1140 3041 1227 3092 verbis.

1003 3132 1102 3180 xxvlr.
1120 3129 1226 3180 Ambitio
1241 3133 1322 3180 autem
1329 3165 1338 3192 ,
1358 3143 1497 3194 quenquam
1506 3130 1538 3182 sit
1549 3133 1681 3197 cupiditate
1695 3149 1760 3200 quse

972 3227 1025 3276 stus
1040 3225 1195 3290 splendidior,
1209 3231 1349 3278 tamennon
1368 3229 1493 3290 pauciores
1505 3229 1530 3278 in
1545 3229 1669 3292 republica
1684 3233 1761 3295 gignit

971 3325 1060 3384 pestes.
1093 3321 1126 3385 (2)
1137 3321 1213 3384 Magis
1224 3322 1287 3372 enim
1295 3323 1316 3373 ei
1324 3322 1393 3374 adest
1399 3323 1507 3386 audacia,
1514 3325 1604 3390 quippe
1611 3341 1661 3378 non
1667 3329 1762 3392 ignaris

912 3457 920 3484 ,
971 3423 1013 3468 aut
1023 3418 1139 3482 abjectis,
1152 3419 1298 3469 sedaeribus
1307 3419 1617 3484 maximeetpreecipltibus
1627 3424 1715 3474 aninrle
1727 3426 1761 3474 in·
1865 3403 1866 3448 i

970 3516 1072 3566 haerenti
1092 3528 1212 3578 :eamque
1231 3515 1376 3580 plerumque
1395 3517 1516 3580 popularis
1536 3517 1642 3581 impetus
1654 3522 1760 3572 erebens

971 3612 1082 3663 laudibus
1093 3612 1274 3676 atqueincitans
1282 3613 1396 3662 eilreuaru
1406 3611 1486 3664 reddit
1493 3616 1566 3676 atque
1571 3615 1756 3668 intractabilem.
1865 3603 1866 3616 ¹

971 3707 1005 3771 (3)
1021 3707 1230 3765 Quemadmodum
1245 3707 1317 3770 igitur
1334 3709 1403 3759 Plato
1416 3711 1524 3774 praecipit
1538 3711 1732 3766 adolescentibus
1745 3731 1759 3766 a
1865 3725 1866 3752 ν

969 3804 1136 3855 tenerostatim
1145 3803 1757 3875 aetateinculoandum,nonesseelsiastorisaurum
1865 3805 1866 3812 '

970 3873 1757 3970 appositumgostare,nmueomnrnoposilderoquumirarrmrs
1865 3915 1866 3932 ν

970 3997 1756 4066 suumaurumpecullurebabeautadmixturmsignilicansniml-
1865 3983 1866 4030 ί

969 4107 1023 4144 rum
1032 4094 1157 4155 virtutem,
1169 4107 1248 4158 qurea
1261 4108 1346 4158 genere
1355 4095 1379 4147 ln
1388 4095 1481 4160 ingenia
1496 4111 1581 4150 eorum
1590 4107 1752 4166 propagatur:

970 4190 1005 4240 sic
1016 4189 1047 4240 ab
1055 4189 1187 4241 ambitione
1198 4191 1269 4241 etiarn
1281 4204 1327 4242 nos
1338 4192 1444 4242 murum
1453 4193 1617 4259 abducamus,
1634 4199 1755 4250 mouendo
1865 4197 1866 4204 ’

969 4285 1462 4353 baberenosinnoblsaururucorruptelae
1473 4303 1559 4354 expers
1566 4290 1755 4357 ,dneanm,et
1865 4347 1866 4358 γ

968 4383 1070 4434 illesum
1082 4383 1113 4434 ab
1124 4383 1213 4434 invidia
1220 4385 1478 4450 etreprebensionibus
1485 4387 1601 4440 honorem
1610 4425 1619 4452 ,
1628 4391 1672 4455 qui
1680 4393 1754 4444 simul

968 4493 1023 4531 cum
1039 4481 1217 4532 ratiocinatione
1228 4483 1252 4532 et
1268 4484 1469 4548 contemplatione
1480 4486 1597 4538 tectorum
1617 4489 1715 4541 anobis
1727 4496 1753 4541 et

967 4591 993 4627 rn
1009 4577 1130 4641 republica
1140 4581 1260 4640 gestorum
1270 4584 1371 4642 augetur
1383 4597 1389 4630 ι
1401 4580 1435 4645 (t)
1445 4581 1548 4646 ideoque
1554 4583 1615 4634 nibil
1623 4599 1687 4650 opus
1696 4601 1748 4639 esse

967 4673 1099 4724 bonoribus
1110 4674 1197 4737 pictis,
1208 4674 1336 4736 lictis,uut
1344 4689 1374 4726 ex
1385 4688 1435 4726 ιντο
1447 4674 1539 4738 ductis,
1548 4677 1572 4728 ln
1581 4679 1673 4742 qulbus
1681 4681 1753 4732 etiarn

967 4771 992 4820 ld
1003 4769 1069 4834 quod
1083 4771 1226 4835 praeclarum
1241 4771 1353 4835 habetur,
1372 4772 1475 4823 alienum
1490 4778 1535 4824 est.
1552 4777 1605 4826 Non
1622 4778 1687 4826 enim
1701 4779 1752 4838 cui,

967 4868 1009 4918 sed
1021 4867 1116 4930 isaquo
1125 4867 1202 4916 laetus
1211 4867 1360 4919 eetTublcen
1368 4870 1530 4933 autstipntor,
1539 4869 1659 4923 laudatur.
1678 4875 1711 4938 (ο)
1722 4879 1752 4925 ut

967 4964 1043 5022 cato,
1060 4974 1136 5023 quum
1152 4961 1203 5024 jam
1221 4961 1274 5012 lum
1294 4962 1381 5012 statuis
1401 4965 1478 5014 Roma
1493 4964 1641 5028 oppleretur,
1658 4968 1748 5018 nullam

967 5054 1012 5106 sibi
1022 5067 1107 5118 passus
1115 5055 1153 5104 cst
1163 5053 1233 5118 poni,
1253 5055 1319 5119 quod
1334 5054 1424 5108 diceret
1434 5057 1515 5109 malle
1524 5061 1611 5124 quoert
1621 5073 1672 5110 cur
1683 5075 1748 5122 nou,

966 5159 1046 5212 quam
1060 5150 1167 5212 nosipsi
1180 5151 1271 5200 statuo
1283 5150 1492 5202 essctcolloeolu.
1525 5150 1560 5216 (ο)
1573 5154 1635 5203 suut
1645 5152 1709 5203 eninr
1725 5153 1748 5204 id
