3758 5862
80 477 391 556 (armestun—rr.)
498 479 738 540 PBAEGEPTA
764 479 983 542 GERENDAE
1011 481 1297 546 llllellBLlGAE.
1643 503 1698 553 991

83 620 211 700 Λέγουσι
225 621 252 680 δὲ
268 625 292 681 ol
308 623 427 681 πλεῖστοι
441 622 486 681 καὶ
502 623 648 703 νομίζουσι,
665 628 801 697 πολιτικῆς
815 650 877 684 παι·
918 635 1087 699 proficiscitur.
1120 636 1231 699 Plerique
1247 639 1328 687 ίοιιιοιι
1345 637 1429 689 dicum
1445 646 1469 690 et
1487 645 1605 704 sentiunt,
1624 643 1701 696 civilis

85 709 166 778 δείας
178 709 252 792 ἔργον
262 701 329 769 εἶναι
339 709 369 768 τὸ
380 712 467 778 καλῶς
477 710 636 792 ἀρχομένους
647 722 803 794 παρασχεῖν·
847 715 876 791 (ι)
919 724 1635 794 iustitutionisopusesse,ellicereutcivesbeuepnreaul;
1668 733 1702 796 (a)

84 799 140 858 καί
160 799 211 882 γὰρ
229 798 307 858 πλέον
321 797 378 857 ε’στί
396 805 441 858 τοῦ
460 799 584 880 ἄρχοντος
602 802 629 860 έν
644 801 741 882 ἑκάστη
760 801 835 860 πόλει
849 801 878 860 τὸ
918 813 1072 875 pluresenim
1083 813 1430 877 inuusquasisciritalesnut
1441 817 1482 880 qui
1493 823 1701 882 reguntur,qusm

84 887 251 969 ἀρχόμενον·
265 887 311 946 καί
323 885 416 966 χρόνον
431 885 540 955 ἕκαστος
550 887 627 970 ἄρχει
643 888 753 971 βραχὺν,
768 889 878 973 άρχεται
918 900 960 962 qui
969 905 1054 962 regunt
1063 916 1069 950 :
1077 905 1102 952 et
1113 905 1201 965 praeest
1210 901 1290 966 quiris
1299 903 1412 966 erigerum
1422 905 1550 969 temporis,
1558 911 1634 957 totam
1646 911 1702 959 aeta·

54 975 119 1045 ςδὲ
137 975 182 1035 τδν
202 973 310 1034 ἅπαντα
328 974 420 1122 χρόνον
441 979 467 1035 ἐν
487 976 652 1066 δημοκρατίᾳ
670 979 878 1056 πολιτευόμενος·
919 991 966 1038 teur
980 989 1005 1038 in
1016 989 1154 1052 reipublicae
1169 990 1245 1040 torma
1260 991 1370 1055 populari
1386 993 1477 1056 regitur
1490 994 1586 1058 degens.
1618 999 1703 1060 ltaque

85 1062 162 1123 ῶοτε
177 1063 318 1123 κάλλιστον
338 1087 350 1121 ε
362 1086 404 1121 ναι
426 1063 537 1142 μάθημα
555 1065 601 1124 καὶ
615 1064 827 1146 χρησιμώτατον,
848 1064 878 1124 τὸ
917 1077 1078 1140 pulcherrima
1089 1083 1125 1127 est
1136 1082 1161 1129 ei
1173 1079 1300 1128 utilissima
1311 1079 1450 1142 disciplina,
1463 1095 1545 1145 parere
1557 1082 1701 1146 magistrati·

85 1156 247 1233 πειθαρχεῖν
262 1153 314 1219 τοῖς
327 1151 494 1231 ἡγουμένοις,
511 1149 560 1212 κδιν
576 1151 755 1235 ὑποδεέστεροι
769 1153 878 1232 δυνάμει
918 1165 977 1227 bus,
989 1165 1084 1215 etiamsi
1097 1166 1178 1216 minus
1191 1167 1301 1221 instructi
1312 1181 1327 1217 a
1338 1169 1445 1232 potentia
1456 1174 1480 1221 et
1491 1171 1565 1233 gloria
1576 1172 1633 1222 siut.
1666 1173 1700 1237 (3)

86 1241 140 1300 καί
149 1239 212 1320 δόξῃ
225 1237 388 1319 τυγχάνωσιν
399 1237 478 1306 ὄντες.
523 1241 555 1318 (s)
566 1238 676 1300 Ἄτοπον
688 1239 738 1323 γάρ
750 1240 876 1318 ἐστι,τδν
918 1252 1054 1303 Absurdum
1066 1256 1130 1304 cuim
1144 1255 1176 1305 sit
1191 1255 1485 1321 principemlntrsgmdia
1496 1263 1600 1308 actorem
1617 1259 1696 1310 Tlseo-

87 1326 142 1405 μὲν
157 1331 185 1388 ἐν
199 1327 334 1410 τραγῳδίᾳ
348 1326 581 1410 πρωταγωνιστὴν,
599 1327 736 1411 Θεόδωρον
750 1328 768 1402 ἢ
783 1332 878 1392 Πῶλον
917 1341 1005 1391 dorum
1017 1341 1151 1392 relPolem
1161 1355 1327 1406 saepenumero
1337 1345 1448 1396 mercede
1461 1346 1579 1397 conducto
1590 1347 1702 1398 luistrioru

44 1459 72 1497 ,,,
86 1417 174 1496 ὄντα,
188 1421 312 1498 μισθωτῷ
329 1421 367 1499 τῷ
380 1415 415 1475 τδι
425 1415 501 1497 τρίτα
514 1416 615 1496 λέγοντι
629 1418 756 1487 πολλάκις
769 1419 878 1480 ἔπεσθαι
917 1429 1024 1479 tertiario
1043 1430 1144 1495 obsequi
1163 1434 1188 1482 et
1201 1431 1323 1483 humiliter
1336 1445 1393 1482 cum
1406 1445 1436 1484 eo
1452 1433 1569 1498 codoqui,
1586 1435 1701 1486 nimirum

86 1507 139 1564 καί
150 1504 388 1588 προσδιαλέγεσθαι
402 1508 544 1580 ταπεινῶς,
558 1503 590 1565 ἂν
604 1507 700 1574 ἰκτῖνος
714 1505 763 1588 ἔχη
777 1507 807 1567 τὸ
818 1506 877 1567 διά·
917 1518 1027 1569 diadema
1035 1522 1060 1569 et
1069 1525 1190 1584 sceptrum
1199 1520 1291 1582 gerenti
1305 1535 1312 1569 :
1324 1520 1349 1570 in
1360 1520 1432 1572 rebus
1440 1527 1522 1572 aulem
1538 1523 1606 1573 seriis
1618 1535 1647 1572 ec
1660 1537 1702 1586 pu·

87 1597 168 1672 δημα
183 1595 198 1626 ⁴*
212 1593 258 1654 καί
268 1593 299 1654 rb
313 1597 457 1674 σκῆπτρον·
471 1596 499 1652 ἐν
511 1592 539 1652 δὲ
550 1593 675 1677 πράξεσιν
688 1597 822 1668 ἀληθιναῖς
832 1597 878 1656 καλ
918 1606 987 1656 blicis
999 1605 1099 1657 diuitem
1109 1607 1220 1670 acglorla
1231 1607 1350 1671 insignem
1362 1609 1515 1673 parvifacere
1529 1610 1649 1673 plebeium
1660 1611 1701 1660 ali·

87 1681 215 1766 πολιτείᾳ
231 1683 274 1743 τδν
292 1681 424 1742 πλούσιον
434 1681 480 1742 καί
493 1681 593 1752 ἔνδοξον
611 1685 746 1766 ὀλιγωρεῖν
764 1684 810 1743 καί
826 1708 877 1744 κα·
917 1708 989 1758 quem
1002 1699 1026 1745 et
1039 1709 1168 1759 pauperem
1179 1696 1221 1759 qul
1232 1710 1288 1746 cum
1300 1697 1441 1760 magistratu
1453 1699 1498 1760 sit,
1514 1711 1591 1760 quern
1602 1697 1648 1748 bac
1663 1712 1701 1748 ra-

87 1773 231 1856 ταρρονεῖν
250 1770 374 1853 ἄρχοντος
389 1766 493 1830 ἷδιάιτου
511 1770 556 1829 καί
569 1768 694 1844 πένητος,
712 1771 877 1852 ἔνυόρίζοντα
918 1783 982 1834 tione
993 1782 1061 1833 dives
1071 1797 1116 1834 sno
1127 1783 1252 1846 splendore
1263 1784 1405 1848 dignitatem
1417 1785 1483 1836 urbis
1495 1785 1640 1835 contumelia
1652 1785 1701 1834 alti-

49 1907 75 1944 ‚5
89 1862 140 1922 καὶ
153 1866 332 1944 καθαιροῦντα
349 1863 387 1941 τῷ
401 1857 462 1940 περί
478 1859 557 1919 αὐτὸν
577 1858 707 1939 ἀξιώματι
722 1859 752 1920 τδ
769 1865 816 1932 τῆς
829 1859 878 1920 πό-
918 1873 964 1922 ciat
975 1873 1190 1936 atquedeprimat:
1203 1873 1334 1938 ubipotius
1345 1876 1510 1937 magistratum
1521 1890 1638 1926 exornare
1649 1890 1701 1926 suae

89 1953 173 2024 λεως,
192 1949 262 2009 ἀλλὰ
281 1948 318 2027 μὴ
338 1950 438 2026 μᾶλλον
453 1947 564 2018 αὔξοντα
582 1947 628 2008 καί
644 1946 815 2030 προστιθέντα
829 1949 877 2020 τλν
918 1961 998 2024 gloriae
1008 1973 1036 2010 ac
1047 1961 1160 2024 potentiae
1169 1962 1389 2012 accommodatione
1399 1963 1503 2014 debeat:
1537 1963 1571 2028 (t)
1582 1965 1703 2028 quomodo

92 2039 140 2098 ἐπ’
153 2041 234 2098 αὐτοῦ
245 2036 321 2106 δόξαν
330 2035 376 2096 καλ
387 2033 497 2114 δύναμιν
509 2041 542 2117 τῇ
555 2041 634 2118 ἀρχῇ·
677 2037 708 2116 (ι)
719 2035 838 2119 καθάπερ
850 2041 877 2098 ἐν
920 2052 1013 2112 spartae
1024 2063 1092 2112 reges
1103 2049 1206 2113 Ephoris
1216 2049 1247 2100 de
1258 2049 1298 2100 vlu
1309 2049 1469 2113 decedebant,
1482 2055 1508 2102 et
1516 2052 1664 2115 reliquorum
1675 2055 1703 2104 ut

93 2127 210 2209 Σπάρτη
228 2135 282 2194 τοῖς
299 2123 420 2207 Ἐφόροις
436 2121 461 2184 οί
475 2148 506 2184 τε
529 2125 644 2206 βασιλεῖς
661 2123 877 2200 ὑπεξανίσταντο,
918 2137 1022 2200 quisquc
1033 2141 1135 2188 uocatus
1146 2142 1212 2199 erat,
1224 2150 1272 2188 non
1283 2136 1349 2188 lento
1360 2139 1449 2201 made,
1459 2138 1503 2188 sed
1512 2140 1603 2190 cursim
1614 2153 1656 2204 per
1667 2141 1703 2189 io·

91 2217 139 2275 καί
157 2219 210 2275 τῶν
230 2214 345 2274 άλλωνό
363 2211 467 2286 κληθείς
485 2215 514 2272 οὐ
538 2211 620 2293 βάδην
636 2211 792 2287 ὑπείκουσαν,
809 2212 878 2274 ἀλλὰ
919 2238 973 2276 rum
984 2238 1011 2274 se
1022 2225 1167 2289 proripiens,
1177 2225 1338 2276 obedientlam
1349 2240 1418 2276 seam
1430 2227 1526 2277 civibus
1535 2228 1701 2288 ostentabant,

48 2356 78 2394 ω
92 2303 186 2386 δρόμῳ
197 2303 242 2362 καί
252 2303 352 2381 σπουδῇ
364 2301 397 2360 δι’
409 2303 506 2382 ἀγορᾶς
517 2299 631 2379 θέοντες,
644 2299 822 2362 ἐπεδείκνυντο
830 2300 877 2374 τὴν
918 2313 1067 2364 exsultantes
1081 2313 1113 2364 ob
1125 2315 1232 2364 lubitum
1243 2314 1421 2378 magistratibus
1433 2315 1568 2366 bonorem:
1602 2315 1699 2379 <5)'uon

93 2392 243 2453 εὐπείθειαν
260 2399 313 2459 τοῖς
330 2388 464 2462 πολίταις,
483 2389 658 2470 ἀγαλλόμενοι
671 2394 710 2472 τῷ
726 2399 804 2473 τιμᾷν
819 2390 879 2459 τοὺς
919 2405 947 2454 ut
969 2403 1101 2454 honestatis
1120 2402 1193 2454 rudes
1210 2403 1283 2466 atque
1301 2402 1395 2453 barbari
1413 2403 1527 2466 quidam,
1544 2417 1571 2454 se
1585 2405 1703 2466 jactantes

94 2483 234 2566 ἄρχοντας·
278 2481 309 2559 (ο)
325 2482 374 2562 οὐχ
387 2477 476 2561 ῶσπερ
491 2477 553 2538 ἔνιοι
566 2483 618 2538 τῶν
633 2477 813 2562 ἀπειροκάλων
833 2477 879 2538 καί
919 2489 995 2541 veluti
1006 2491 1080 2542 cornil
1091 2503 1142 2542 snae
1151 2491 1266 2554 potentie
1276 2490 1473 2554 abundantie,in
1484 2492 1654 2542 certaminibus
1665 2505 1702 2542 ar-

94 2571 234 2644 σολοίκων,
248 2560 299 2630 οἷον
312 2567 402 2650 ἰσχύος
416 2571 516 2628 ἑαυτῶν
534 2565 759 2648 καλλωπιζόμενοι
773 2591 880 2650 πιριου-
919 2577 995 2630 bltros
1010 2592 1039 2629 ac
1054 2579 1207 2643 praemiorum
1222 2579 1349 2630 collatores
1365 2579 1578 2642 circumscribunt,
1594 2581 1703 2642 choragia
1724 2584 1730 2598 ⁸

94 2660 154 2742 σίᾳ,
172 2655 319 2742 βραόευτδις
335 2659 362 2716 ἐν
379 2658 464 2736 άγῶσι
479 2654 718 2736 προπηλακίζουσι,
733 2655 778 2716 καί
793 2679 878 2739 χορη-
920 2667 1102 2718 inbiberalibus
1110 2667 1283 2729 moueantur,
1293 2671 1407 2731 pretores
1417 2681 1445 2718 ac
1453 2668 1632 2732 gymnasiorum
1642 2682 1703 2732 pree·

52 2806 81 2844 2⁵
96 2749 158 2829 γοὺς
185 2750 212 2806 ἐν
238 2743 381 2812 Διονυσίοις
403 2745 564 2825 λοιδοροῦσι,
589 2743 634 2802 καί
657 2747 811 2826 στρατηγῶν
833 2742 880 2804 καί
920 2753 985 2806 sides
1002 2754 1125 2818 θεήσεαι,
1142 2769 1220 2820 neque
1235 2757 1338 2806 scientae
1353 2769 1432 2819 neque
1446 2757 1566 2807 discentes
1584 2757 1703 2807 honorare

94 2839 304 2918 γυμνασιαρχῶν
320 2835 510 2912 καταγελῶσιν,
527 2833 575 2891 οὒκ
589 2830 684 2901 εἰδότες
698 2833 756 2892 οὐδὲ
776 2833 880 2910 μανθά-
919 2843 1108 2895 csseinterdum
1119 2857 1193 2908 quam
1201 2843 1314 2895 honorari
1322 2844 1456 2907 gloriosius.
1489 2844 1523 2910 (o)
1532 2845 1591 2896 Viro
1602 2844 1704 2894 enimin

94 2950 194 3001 νοντες,
209 2923 249 2986 ότι
262 2929 308 2982 τοῦ
324 2926 452 3002 τιμᾶσθαι
464 2919 494 2980 τδ
508 2931 588 3004 τιμᾷν
605 2919 733 2990 πολλάκις
749 2921 820 2982 ἐστίν
835 2923 879 2980 ἐν·
921 2931 1044 2997 republica
1054 2933 1150 2996 largiter
1160 2931 1253 2997 pomuli
1267 2934 1322 2996 plus
1332 2932 1467 2982 omnmeuti
1478 2931 1548 2983 aliert
1559 2931 1662 2997 stipatus
1672 2932 1704 2983 ab

95 3015 238 3096 δοξότερον.
282 3013 313 3093 (ι)
332 3009 418 3094 Ἀνδρί
433 3008 497 3092 γὰρ,
512 3011 539 3068 ἕν
552 3008 627 3069 πόλει
642 3009 778 3092 δυναμένῳ
797 3009 879 3092 μέγα,
920 3035 950 3072 eo
967 3022 1163 3085 magistratusue
1178 3021 1311 3084 deductas,
1326 3033 1400 3085 ᾳιιιιιι
1415 3022 1508 3085 stipans
1522 3021 1700 3073 etdeducena:

96 3105 203 3184 μείζονα
217 3102 289 3185 ᾳέρει
299 3098 396 3178 κόσμον
411 3097 501 3181 ἅρχων
514 3097 732 3181 δορυφορούμενος
744 3099 787 3158 ὑπ’
800 3101 880 3160 αὐτοῦ
920 3110 970 3161 imo
979 3111 1026 3162 boc
1037 3109 1152 3161 iuvidiam
1163 3115 1188 3161 et
1198 3109 1347 3172 molestiam,
1359 3109 1419 3160 illud
1430 3120 1512 3161 veram
1522 3113 1590 3174 parat
1600 3111 1625 3160 et
1636 3122 1651 3159 a
1661 3108 1703 3160 be-

95 3193 142 3254 καί
161 3189 394 3275 προπεμπόμενος,
423 3185 441 3259 ἢ
467 3189 615 3269 δορυφορῶν
636 3187 683 3246 καί
705 3186 879 3269 προπέμπων·
920 3199 1197 3262 nevoleutiaprolectam
1207 3198 1328 3260 geriem:
1344 3209 1468 3262 quamque
1479 3197 1543 3248 iores
1558 3197 1611 3259 ejus
1624 3197 1704 3260 uisere

54 3260 82 3298 ³⁰
96 3283 198 3362 μᾶλλον
212 3277 241 3339 δὲ
251 3284 329 3338 τοῦτο
343 3275 391 3357 μὲν
407 3275 503 3349 ἀηδίαν
517 3273 563 3335 καί
578 3274 679 3357 φθόνον,
694 3276 777 3336 ἐκεῖνο
789 3277 816 3336 δὲ
832 3275 880 3349 τλν
920 3285 1064 3350 aliquando,
1076 3286 1255 3350 salutaremque
1261 3286 1327 3350 prior
1336 3287 1418 3336 venire
1427 3287 1541 3349 cernitur,
1549 3285 1704 3350 mediumque

98 3367 225 3444 ἀληθινὴν
239 3366 310 3450 ρέρει
328 3365 398 3446 [καί]
410 3362 458 3437 τλν
474 3363 521 3422 ἀπ’
539 3362 639 3431 εὐνοίας
657 3361 741 3433 δόξαν·
756 3365 841 3448 ὀρθείς
856 3366 879 3424 δ’
921 3373 1478 3439 eiinterdeambolendumoederelocum,nllril
1485 3374 1585 3438 sibiipsi
1593 3375 1704 3436 demens,

98 3461 144 3520 ἐπί
157 3457 246 3538 θύραις
255 3452 319 3516 ποτὶ
331 3453 377 3515 καί
388 3452 514 3537 πρότερος
525 3451 724 3531 ἀσπασάμενος,
733 3452 779 3512 καί
790 3452 880 3514 λαθὼν
922 3463 1014 3515 deitati
1024 3467 1192 3515 omamentnm
1201 3463 1302 3514 conteri.

98 3552 126 3610 ἐν
146 3545 284 3630 περιπάτῳ
303 3541 393 3624 μέσον,
411 3541 484 3602 οὐδὲν
504 3539 694 3625 ἀφαιρούμενος
716 3544 825 3617 ἑαυτοῦ,
846 3547 880 3624 τῇ

57 3699 82 3739 ³5
96 3638 173 3698 πόλει
187 3635 286 3714 κόσμον
298 3631 454 3714 περιτίθησι.
841 3685 845 3690 .

138 3727 228 3788 xxii.
250 3721 401 3801 Δημοτικδν
414 3717 441 3778 δὲ
457 3717 503 3779 καὶ
521 3717 691 3800 βλασφημίαν
708 3721 820 3800 ἐνεγκεῖν
836 3719 882 3780 καί
953 3740 1029 3788 xxii.
1046 3736 1163 3801 Populars
1178 3739 1216 3786 cst
1228 3736 1301 3786 etlam
1319 3734 1440 3785 interdum
1454 3733 1590 3784 convicium
1605 3736 1630 3784 et
1644 3733 1705 3786 iram

97 3815 177 3898 ὀργὴν
191 3813 330 3897 ἄρχοντος,
342 3807 361 3881 ἢ
371 3807 402 3868 τὸ
412 3812 458 3868 eoo
471 3806 615 3887 Διομήδους
626 3806 782 3883 ὑπειπόντα,
923 3824 1076 3889 magistratus
1087 3823 1164 3886 terre,
1175 3823 1214 3874 vel
1226 3822 1350 3873 Diomedis
1360 3821 1420 3872 illud
1430 3821 1610 3884 subjicientem,

192 3951 384 4018 Τθίῐφθδθῖίθ
397 3947 519 4014 li0⁶⁰5&ss
531 3948 620 4014 &beaw
988 3962 1471 4022 seilicetelastubnereglorlarertiturs

61 4141 84 4179 w
100 4081 118 4154 iu
136 4079 166 4140 τδ
185 4083 231 4139 τοῦ
251 4073 445 4155 Δημοσθένους,
462 4071 503 4134 ότι
517 4078 562 4133 νῦν
578 4075 626 4132 οὐκ
642 4070 698 4133 ἔστι
713 4070 883 4152 Δημοσθένης
923 4091 966 4137 aut
974 4085 1215 4147 uludnemostuenis,
1223 4099 1275 4137 ποιι
1282 4087 1368 4150 ipsum
1376 4098 1446 4136 nuuc
1454 4083 1707 4137 esseilcmosllsenem

99 4169 186 4250 μόνον,
197 4164 267 4228 alut
278 4163 324 4225 καί
336 4160 506 4243 θεσμοθέτης,
518 4161 536 4234 ἢ
550 4161 674 4244 χορηγὸς,
686 4160 704 4234 ἢ
716 4161 882 4244 στειρανηρό-
923 4160 1071 4217 ἀποίσεαι,
1082 4158 1129 4210 sed
1140 4161 1165 4209 ct
1179 4159 1388 4222 lepumlolorem,
1404 4157 1595 4220 cisternarum,
1607 4157 1632 4206 el
1639 4169 1706 4206 coro·

924 4243 987 4280 nom
999 4233 1107 4292 curare.
1139 4229 1172 4293 (2)
1184 4230 1354 4280 Defensionem
1370 4233 1452 4278 numm
1464 4241 1509 4278 suo
1520 4226 1625 4290 tempori
1641 4241 1706 4275 com·

923 4301 1090 4352 meudobimus
1102 4317 1108 4350 :
1119 4301 1154 4350 ita
1164 4303 1207 4351 ant
1219 4315 1391 4365 persequemur
1403 4301 1516 4364 injurium
1526 4299 1596 4350 nobis
1605 4298 1707 4358 lactum,

101 4343 199 4454 ξίόνξψ
210 4342 228 4414 ἢ
241 4337 425 4448 Υᾶίέπίξῳίί
438 4336 617 4448 ἀπαλλαίένξί
629 4341 676 4410 τῆς
689 4340 784 4446 ἀρξῆς’
796 4334 813 4410 ἢ
823 4360 883 4445 ἔφ’
924 4373 966 4424 ubi
977 4373 1029 4436 ejus
1039 4377 1122 4424 auctor
1132 4373 1273 4436 magistratu
1282 4373 1381 4435 abierit,
1393 4375 1436 4424 ant
1445 4371 1469 4422 id
1478 4370 1540 4422 lueri
1550 4369 1706 4430 habebimus,

100 4455 228 4510 θθίίουθἐν
243 4433 270 4490 ἐν
281 4454 320 4511 “t'
333 4426 492 4510 neptulam,
507 4449 538 4486 ‘⁰
548 4431 701 4486 corceatur
714 4451 761 4499 rue
774 4429 861 4508 ὄργης·
924 4443 991 4508 qnod
1000 4443 1160 4508 exspectando
1171 4443 1231 4494 irum
1243 4442 1386 4493 dimisimus.

140 4521 249 4584 xxlll.
271 4519 380 4596 Σπουδῇ
399 4513 488 4596 μέντοι
501 4514 547 4575 καί
563 4513 672 4598 προνοίᾳ
688 4515 749 4596 περί
762 4512 796 4574 sd
809 4511 883 4573 κοινὰ
955 4525 1043 4572 xxtu.
1059 4521 1243 4584 omniquidem
1258 4520 1339 4570 studio
1355 4532 1384 4569 uc
1401 4517 1549 4582 previdentia
1561 4515 1585 4564 iu
1597 4513 1708 4563 curauelis

83 4611 147 4690 Ικαί
179 4606 274 4692 ροντίδι
287 4603 471 4687 πρδςάπασαν
484 4603 569 4687 ἀρχὴν
585 4603 626 4663 ἀεί
642 4601 835 4682 διαμιλλητέον·
851 4600 883 4662 ἂν
924 4609 1062 4673 reipublice
1071 4608 1204 4659 commodis
1217 4607 1357 4658 certandum
1367 4603 1707 4664 estvirocivilicumquovis

63 4686 88 4724 ’ὁ
103 4699 149 4780 μὲν
156 4721 206 4758 οισι
213 4695 356 4780 χαρίεντες,
364 4695 441 4754 αὐτόν
449 4691 695 4774 θρηγοόμενονᾶδεῑ
701 4691 746 4750 καί
754 4691 883 4775 φράζοντα
925 4698 1080 4762 nmgistratu,
1094 4699 1133 4758 et,
1147 4697 1169 4745 si
1183 4695 1282 4759 quidem
1293 4696 1365 4744 homo
1374 4695 1446 4756 aptus
1457 4693 1496 4742 est
1510 4691 1553 4754 qui
1566 4703 1622 4740 eum
1633 4691 1708 4752 gerit,

101 4786 146 4846 καλ
158 4782 262 4844 διδόντα
272 4785 388 4864 χρῆσθαι
398 4784 452 4848 τοῖς
466 4778 679 4861 βιόουλευμένοις
690 4781 783 4860 ὀρθῶς,
797 4777 843 4838 καί
853 4777 884 4838 τδ
926 4800 1021 4837 mouere
1037 4799 1093 4836 eum
1110 4783 1196 4844 debet,
1215 4785 1239 4833 et
1255 4783 1330 4846 probe
1345 4781 1477 4830 consultata
1492 4782 1556 4829 recte
1569 4777 1708 4842 perficiendi
1756 4767 1759 4772 ’

103 4873 185 4935 κοινδν
201 4871 347 4949 εὐδοκιμεῖν
359 4871 520 4952 ὠφελοῦντα·
563 4869 592 4948 (α)
610 4865 655 4927 ἐδιν
671 4866 750 4946 δ’ένῇ
764 4891 803 4934 τις
814 4865 885 4926 ἐκεί·
925 4875 1062 4924 occasiones
1077 4872 1230 4936 suppeditare
1245 4871 1307 4922 etin
1320 4868 1459 4933 reipublicae
1475 4865 1549 4930 gloria
1565 4868 1590 4918 et
1605 4867 1708 4918 utilitato

103 4961 240 5029 saredune<
258 4958 276 5030 ἢ
295 4955 422 5037 μέλλησις
439 4954 457 5030 ἢ
474 4955 617 5029 κακοήθεια
635 4955 700 5039 πρὸς
717 4954 764 5028 τὴν
782 4954 884 5038 πρᾶξιν,
925 4961 1172 5025 eugendandjurare:
1206 4959 1239 5024 (2)
1251 4958 1292 5009 ubi
1301 4971 1358 5009 vero
1367 4957 1533 5019 magistratum
1545 4968 1594 5006 ure
1605 4956 1708 5019 gerenda

103 5051 169 5111 οὕτω
181 5046 235 5132 χρὴ
249 5046 372 5129 παρεῖναι
386 5045 432 5106 καλ
444 5044 530 5125 λέγειν
544 5045 621 5104 αὐτὸν
637 5047 672 5112 εἷς
685 5043 743 5112 τοὺς
756 5043 884 5121 πολλοὺς,
926 5051 963 5100 uel
975 5049 1081 5113 ignavia,
1090 5048 1130 5099 vel
1141 5049 1275 5110 cunctatio,
1286 5047 1325 5096 uel
1337 5045 1428 5095 malitia
1437 5043 1554 5106 obstinet,
1566 5044 1657 5108 lpsc'ad
1667 5059 1707 5108 po·

67 5129 91 5166 ⁵⁰
104 5139 147 5200 καί
166 5137 204 5217 μὴ
220 5135 395 5220 παραμελεῖν,
410 5132 477 5214 μηδὲ
491 5132 610 5218 ὑφίεσθαι
623 5137 675 5192 τῶν
691 5135 793 5206 κοινῶν,
808 5135 842 5200 ὡς
856 5134 885 5191 οὐ
927 5139 1011 5203 pulum
1022 5137 1094 5188 debet
1105 5149 1134 5187 eo
1145 5135 1176 5186 du
1187 5135 1281 5198 negotio
1293 5135 1395 5196 reterre,
1408 5146 1486 5197 neque
1498 5131 1670 5196 rempublicam
1679 5146 1708 5182 eo

106 5233 245 5311 προσῆκον,
263 5224 388 5310 ἄρχοντος
408 5223 510 5307 ἑτέρου,
524 5223 753 5305 πολυπραγμονεῖν
770 5219 815 5279 καί
829 5243 885 5280 πα-
926 5227 1022 5277 uomiue
1031 5225 1147 5289 negligere
1157 5228 1199 5275 aut
1209 5223 1349 5284 destituere,
1360 5221 1426 5286 quod
1437 5222 1483 5271 allo
1496 5220 1634 5284 reipublicae
1647 5234 1710 5283 pree·

104 5317 252 5401 ροδιοικεῖν.
295 5313 329 5393 (a)
343 5312 378 5374 ‘0
389 5310 441 5394 γάρ
451 5311 529 5392 νόμος
543 5310 584 5369 αἰεί
594 5314 632 5392 τῷ
646 5307 680 5368 τὰ
696 5309 785 5368 δίκαια
799 5307 885 5392 πράο-
927 5309 988 5368 iec'to
1000 5316 1079 5380 ipsum
1090 5326 1138 5365 uon
1155 5313 1283 5365 conveniat
1294 5312 1415 5364 curiosum
1427 5323 1480 5362 esse
1492 5311 1517 5360 et
1531 5308 1556 5358 in
1567 5307 1669 5358 alicuem
1682 5322 1708 5357 se

100 4282 149 4342 ρος.
192 4257 223 4335 (ι)
242 4249 390 4316 Ἀναθετέον
408 4239 453 4310 edu
469 4249 517 4323 τὴν
532 4249 634 4329 ἄμυναν
653 4252 689 4318 είς
703 4249 747 4310 τδν
764 4249 882 4330 [οἰκεῖον]
