3818 5838
717 427 1154 589 'exenium

241 823 245 830 .
360 778 430 856 EX
456 774 799 854 PRAEFATIONE
827 774 1088 856 EDITION'lS
1115 777 1245 879 QUAE
1272 781 1485 864 PRODllT

675 899 817 979 ΑΝΝΟ
845 897 1204 987 MDCCCXXXIX.

869 1129 1022 1168 dom*-

247 1320 605 1423 Pnnrnncn'reperies
629 1325 667 1393 in
685 1327 851 1394 universa
872 1346 994 1394 rerum
1017 1325 1249 1420 antiquarum
1274 1323 1481 1425 disciplina‚
1506 1354 1586 1425 quae
1608 1355 1682 1403 mo-

200 1456 337 1513 morata
354 1464 429 1511 non
447 1435 612 1511 fuerinta
625 1436 817 1510 Plutarcho
830 1439 1022 1535 inscriptis
1038 1436 1251 1528 moralibus;
1270 1439 1427 1539 plurima
1444 1456 1586 1535 autem,
1599 1470 1680 1542 quae

198 1560 344 1655 copiose
364 1567 400 1626 et
421 1552 526 1653 plene
541 1566 689 1624 tractata
706 1579 714 1622 ι
734 1550 1003 1652 philosophiam
1016 1551 1067 1620 ibi
1089 1549 1199 1623 habes
1212 1549 1287 1624 fere
1302 1567 1429 1648 totam,
1449 1553 1561 1630 habes
1574 1562 1681 1630 innu-

199 1666 352 1739 meraad
370 1671 480 1737 vitam
491 1671 699 1739 Groecorum
712 1719 723 1755 ‚
738 1670 1005 1753 Romanorum,
1018 1668 1267 1765 AEgyptiorum
1283 1667 1508 1767 aliarumque
1522 1677 1683 1770 gentium

199 1785 434 1882 pertinentia,
457 1783 644 1852 innumera
660 1804 740 1876 quae
751 1779 939 1850 historiam
957 1780 1154 1850 civitatium
1166 1777 1365 1871 illustrent;
1378 1781 1570 1855 hominum
1587 1788 1683 1884 ingo-

198 1900 482 1976 niosissimorum
496 1894 610 1984 dicta,
630 1893 907 1968 fortissimorum
916 1891 1026 1983 facta3
1043 1892 1257 1992 denique'ex
1268 1921 1390 1969 rerum
1405 1911 1534 1970 natura
1544 1898 1683 1973 thesau-

198 2038 279 2085 rum
294 2035 378 2084 sane
400 2010 692 2083 observationum
713 2035 721 2079 ι
743 2033 790 2081 ne
809 2008 856 2081 de
873 2012 1017 2106 ingenio
1029 2008 1241 2081 Plutarcheo
1257 2008 1399 2107 loquar,
1420 2009 1518 2112 quod
1537 2027 1683 2114 'practer-

199 2132 345 2201 itorum
359 2142 564 2227 temporum
592 2123 699 2197 flores
716 2127 1006 2223 generosissimos
1023 2127 1154 2196 iterum
1174 2127 1309 2222 aperit,
1329 2139 1371 2196 ut
1389 2125 1510 2200 denuo
1526 2128 1682 2226 fragrent

197 2256 233 2314 et
244 2246 375 2314 renatis
400 2239 585 2317 coloribus
607 2237 762 2312 luceant.
790 2237 859 2310 Sed
884 2241 1138 2336 pretiosissima
1154 2237 1216 2309 illa
1242 2242 1373 2338 scripta
1390 2240 1482 2313 male
1503 2240 1626 2312 habita
1646 2257 1682 2313 et

196 2356 334 2428 lacunis
346 2353 480 2428 foedata
498 2355 544 2427 ad
567 2369 727 2426 nostram
747 2365 885 2423 aetatem
904 2366 1155 2450 pervenerunt.
1178 2353 1289 2448 Cujus
1306 2359 1356 2425 rei
1371 2379 1476 2454 capsa
1498 2361 1679 2454 praecipua

195 2474 233 2540 in
250 2495 293 2542 eo
309 2473 426 2571 posita
442 2484 517 2559 est,
535 2467 637 2565 quod
650 2466 891 2567 plurimorum
909 2465 1131 2566 archetypon
1144 2492 1218 2539 non
1229 2473 1351 2566 paucis
1363 2473 1401 2539 in
1411 2469 1499 2542 locis
1507 2474 1578 2542 situ
1588 2470 1679 2541 dele-

196 2600 275 2657 tum
293 2584 350 2656 vel
364 2581 547 2655 vermibus
564 2607 719 2654 exesum,
730 2595 818 2654 erat.
841 2580 884 2652 Id
903 2605 1019 2677 quum
1034 2585 1199 2654 criticum
1217 2581 1327 2655 latere
1347 2609 1422 2656 non
1443 2589 1581 2684 possit,
1602 2601 1678 2657 tum

196 2714 371 2772 testantur
388 2703 495 2771 etiam
512 2698 1000 2800 glossaessmanuscriptorum,
1018 2693 1118 2766 velut
1139 2695 1214 2768 haec
1236 2694 1371 2768 codicis
1389 2701 1420 2769 A
1443 2697 1550 2796 (1671
1574 2703 1677 2796 Bag„

195 2838 272 2885 saec.
287 2814 388 2911 Xlll)
401 2810 496 2912 adp.
510 2816 578 2900 Ara
593 2865 602 2902 ‚
620 2821 650 2884 Α
670 2837 678 2883 :
702 2815 746 2882 Τὸ
762 2812 872 2908 χωρίον
890 2821 979 2882 τοῦτο
991 2815 1200 2909 οἱσαρίστατόν
1214 2818 1295 2901 ἐστι,
1311 2807 1364 2882 διὰ
1384 2816 1420 2883 τὸ
1438 2823 1597 2909 πολλαχοῦ
1614 2810 1679 2884 δια-

195 2933 341 3025 φθαρέντα
348 2929 398 3016 ,τὰ
411 2941 472 2997 τῶν
496 2937 634 2998 παλαιῶν
649 2929 840 3024 ἀντιγράφων
861 2932 901 3021 μὴ
924 2921 1068 2996 δύνασθαι
1084 2925 1188 3009 σώζειν
1206 2935 1261 3007 τὴν
1280 2931 1431 3022 συνέχειαν
1445 2940 1499 2998 τοῦ
1515 2931 1615 3025 λόγου·
1632 2929 1682 2996 καὶ

195 3041 272 3112 εἶδον
284 3023 349 3140 ἐγὼΙ
357 3043 490 3112 παλαιὰν
509 3041 626 3131 βίίλον,
634 3048 663 3111 ἐν
676 3042 698 3138 ᾖ
710 3050 865 3135 πολλαχοῦ
874 3036 1083 3134 διαλείμματα
1094 3041 1142 3128 ἦν,
1156 3044 1208 3110 καὶ
1221 3049 1261 3136 pol
1272 3038 1443 3125 δυνηθέντος
1456 3055 1509 3112 τοῦ
1519 3045 1682 3139 γράφοντος

194 3163 283 3252 εὑρεῖν
300 3156 341 3225 τὰ
362 3157 523 3244 λείποντα,
535 3156 712 3237 ἐλπίσαντος
729 3150 749 3225 δ
752 3158 765 3224 ὲ
782 3155 855 3235 ἴσως
872 3159 1001 3249 εὑρήσειν
1014 3154 1160 3246 ἀλλαχοῦ.
1175 3149 1310 3224 Ἐνταῦθα
1324 3160 1424 3250 μέντοι
1438 3155 1518 3224 κατὰ
1533 3159 1681 3250 συνέχειαν

193 3271 305 3366 ἐγροίρη
319 3267 360 3338 τδι
373 3283 378 3293 “
389 3264 602 3358 διαλείποντα,
622 3281 666 3359 τῷ
691 3271 800 3362 μηκέτι
820 3261 947 3345 ἐλπίδας
963 3261 1036 3333 εἶναι
1057 3265 1098 3334 τὰ
1118 3267 1263 3336 λείποντα
1277 3271 1489 3366 εὑρεθήσεσθαι.
1508 3269 1595 3340 Τοῦτ’
1608 3273 1681 3339 αὐτὸ

191 3383 287 3451 τοίνυν
304 3388 362 3478 χρὴ
375 3390 449 3452 νοεῖν
462 3382 514 3456 καὶ
526 3393 682 3476 πανταχοῦ
706 3391 759 3450 τοῦ
781 3377 897 3468 βιίλίου
916 3381 984 3448 ἔνθα
1012 3407 1060 3461 τις
1078 3386 1201 3458 τοιαιίπο
1218 3385 1349 3479 ἀσείρεια
1369 3385 1546 3479 εὑρίσκεται.
1573 3386 1678 3471 Hinc,

192 3509 320 3595 praeter
328 3509 483 3567 ceteram
501 3493 722 3584 bonitatem,
743 3517 885 3565 summo
904 3489 987 3565 loco
1010 3491 1198 3564 habendus
1221 3510 1274 3567 est
1292 3495 1406 3568 codex
1430 3496 1542 3594 1672,
1562 3496 1679 3569 sacculi

190 3615 276 3682 xssl
296 3608 586 3709 (Wyttenbachio
602 3609 663 3707 E),
684 3634 758 3681 non
779 3612 875 3708 ipsas
891 3604 1004 3679 modo
1019 3606 1164 3679 lacunas
1181 3607 1346 3682 indicans
1366 3610 1417 3708 (id
1436 3597 1539 3708 quod
1566 3615 1675 3684 ceteri

55 3758 62 3770 ·
190 3725 331 3799 codices
347 3725 549 3824 negligunt,
563 3729 720 3824 exceptis
729 3723 872 3821 aliquot
882 3721 1046 3821 partibus
1056 3720 1223 3794 codicum
1235 3727 1261 3793 B
1274 3737 1310 3794 et
1323 3725 1386 3821 G),
1406 3724 1469 3796 sed
1483 3729 1679 3825 spatiomm

189 3840 281 3913 adeo
297 3865 501 3912 mensuram
514 3855 781 3939 repraesentans.
803 3836 872 3937 [De
886 3859 961 3935 qua
969 3859 1007 3906 re
1019 3859 1118 3906 nunc
1134 3833 1296 3935 dubito]
1307 3842 1476 3910 Ceterum
1489 3855 1678 3938 poetarum

191 3959 372 4055 praecipuc
389 3978 513 4025 versus
521 3968 557 4024 et
567 3953 721 4026 aliorum
735 3956 952 4052 scriptorum
967 3954 1068 4025 locos
1085 3974 1159 4021 non
1173 3973 1255 4023 raro
1268 3951 1326 4023 vel
1340 3951 1480 4024 lacunis
1493 3953 1564 4025 illis
1573 3959 1679 4025 inter·

190 4084 314 4168 coptos
324 4067 379 4140 vel
395 4066 684 4167 depravatissimo
692 4071 844 4167 scriptos
863 4065 1168 4156 animadvertens,
1185 4069 1224 4137 in
1233 4079 1312 4137 eain
1320 4071 1530 4166 opinionem
1547 4067 1669 4156 incidi,

192 4181 300 4256 fuisse
317 4187 354 4254 in
374 4197 515 4255 vetusto
541 4182 737 4280 archetypo
767 4181 877 4254 verba
895 4181 1028 4269 aliena,
1056 4179 1191 4276 quibus
1215 4176 1588 4273 utitur'rlutarchus‚
1622 4179 1675 4252 di·

191 4321 294 4369 verso
310 4293 432 4367 colore
452 4299 564 4394 picta,
587 4319 705 4392 eoque
722 4295 778 4392 (ut
793 4299 842 4366 ita
863 4292 996 4384 dicam)
1014 4295 1222 4370 delebiliore
1239 4313 1275 4369 et
1290 4301 1400 4395 magis
1421 4301 1596 4395 perituro.
1615 4303 1677 4368 Pa·

192 4425 290 4483 trum
307 4409 448 4482 codices
462 4407 557 4499 vidi,
578 4408 780 4482 uncialibus
802 4408 913 4480 literis
931 4417 1104 4511 scriptos,
1115 4418 1261 4518 septimi
1275 4412 1413 4501 sarculi,
1432 4425 1468 4482 et
1489 4411 1578 4483 alios
1595 4411 1673 4483 sub-

191 4529 421 4623 sequentium
431 4524 695 4614 saeculorums
686 4551 724 4595 m
738 4524 871 4622 quibus
888 4529 923 4597 S
937 4531 1129 4636 Scriptura
1150 4526 1223 4599 loci
1237 4531 1349 4598 minio
1364 4529 1450 4625 picti
1468 4538 1571 4614 sunt,
1584 4538 1673 4596 atra·

191 4654 315 4711 mento
340 4639 490 4748 reliqua.
516 4637 614 4732 Quid
628 4636 756 4734 quod
747 4663 784 4708 m
799 4662 843 4709 eo
865 4637 993 4716 codice
1016 4663 1121 4734 quem
1146 4640 1441 4711 Plutarclreorum
1457 4643 1671 4744 scriptorum

192 4758 473 4825 vetustissimum
483 4751 650 4852 possidet
670 4751 888 4826 Bibliotheca
906 4752 1032 4860 Regia,
1055 4777 1095 4826 n.
1117 4745 1228 4848 1956,
1244 4745 1361 4823 sacculi
1373 4757 1451 4822 XII
1456 4749 1674 4850 (Wyttenba-

191 4865 274 4942 chio
297 4870 357 4967 D),
382 4869 487 4942 multi
509 4885 698 4968 poetarum
720 4892 843 4940 versus
869 4872 1099 4954 omittuntur,
1127 4870 1192 4961 qui
1225 4869 1262 4936 in
1291 4869 1416 4937 ceteris
1448 4878 1604 4954 exstant,
1631 4888 1674 4934 ex

191 4975 261 5055 alio
273 4981 386 5074 libro,
404 4998 446 5056 ut
457 4981 610 5075 videtur,
633 4975 800 5084 suppleti.
821 4975 902 5055 Sic
893 5008 930 5054 ιιι
946 4983 1080 5052 recenti
1098 4976 1286 5075 como),
1308 4977 1369 5050 sed
1391 4982 1455 5074 qui
1479 4981 1610 5077 partim
1630 5001 1674 5047 ex

192 5101 277 5197 ipsis
292 5103 325 5170 D
339 5103 412 5170 etF
429 5095 559 5195 (1957,
588 5122 665 5170 soec.
685 5097 779 5192 XII),
810 5099 942 5196 partim
955 5119 998 5166 ex
1008 5117 1134 5164 eorum
1148 5091 1335 5163 simillimis
1345 5090 1476 5164 ductus
1492 5106 1565 5182 est,
1584 5115 1671 5191 poe·
1736 5163 1738 5166 .

192 5228 313 5286 tarum
338 5211 408 5286 loci
424 5212 614 5310 aliquoties
639 5217 676 5282 in
699 5215 788 5283 serie
797 5214 940 5297 omissi,
961 5213 998 5280 in
1019 5211 1177 5305 margine
1189 5205 1317 5302 adjecti
1336 5221 1431 5278 sunt.
1449 5211 1532 5277 llaec
1542 5229 1672 5278 memo·
