3736 5846
215 458 290 512 1126

403 581 500 630 XXXV.
516 575 709 640 lproussumcs
719 575 806 626 trustis.

247 701 300 749 dier
311 707 372 760 apes
377 693 487 758 mnium
492 690 569 754 serre
577 692 730 755 nequeumr
741 689 810 748 Quod
824 689 918 739 meatus
926 689 995 752 spiri-

215 791 254 837 tus
265 784 344 835 ritalls
356 795 414 834 sane
427 793 500 845 quam
511 783 624 843 angustos
639 778 751 828 babeant.
765 779 798 828 at
806 777 826 828 is
841 777 909 827 iumo
924 777 994 827 inter·

214 877 297 938 ceptus
306 875 332 924 el
339 868 566 931 conclusosmngit,
576 872 600 918 et
610 865 781 930 propemodum
791 865 821 916 ad
828 870 930 916 mortem
937 879 995 930 apes

214 962 295 1024 adigit.
309 965 344 1014 An
354 958 439 1010 acredo
449 956 631 1018 amaritudoque
641 955 699 1004 iuml
710 955 733 1003 in
744 967 817 1004 causa
828 957 880 1003 esti
891 952 996 1016 gaudent

214 1051 278 1100 enim
289 1047 399 1099 dulcibus
410 1059 479 1109 apes,
489 1056 567 1107 neque
578 1042 625 1092 ulio
633 1042 779 1092 nutrimento
792 1040 888 1091 ciuntur
898 1055 904 1090 :
915 1042 995 1105 itaque

190 1115 193 1120 ¹
214 1135 422 1188 utcontreriemet
430 1132 525 1182 noxiam
535 1145 586 1182 rem
593 1131 690 1194 propter
698 1127 994 1189 amaritudinem,lumum

215 1226 372 1278 detestentur.
385 1225 438 1280 Qus
448 1220 479 1270 de
489 1233 562 1270 causa
572 1217 671 1270 metlerii
683 1229 758 1282 quum
770 1217 863 1266 iumum
874 1216 995 1279 abigendis

215 1313 301 1378 apibus
310 1311 412 1372 iucinnt,
428 1321 521 1358 amerus
530 1308 630 1370 herbas,
645 1309 673 1356 ut
682 1305 785 1356 cicutam
796 1309 821 1356 et
831 1305 994 1370 centaurium,

215 1400 340 1452 incendere
351 1399 436 1449 solent

317 1515 425 1566 xxxvl.
438 1513 501 1576 Apes
512 1508 601 1560 aculeo
611 1510 640 1560 ιιι
650 1506 760 1560 maeebos
769 1509 890 1559 soeulunt.

249 1650 301 1697 dur
319 1656 380 1707 apes
396 1644 472 1692 citius
486 1643 608 1705 pureum
621 1641 666 1704 qul
679 1641 800 1703 stuprum
816 1637 917 1689 dudum
925 1637 994 1700 sece-

216 1735 300 1785 contr
310 1737 347 1788 An
358 1729 422 1797 quod
434 1729 520 1779 animal
530 1732 567 1778 est
579 1727 703 1778 munditiae
713 1729 737 1777 et
750 1726 871 1790 elegantim
880 1739 994 1790 perquem

215 1817 595 1883 studiosum3prretercaoltactus
604 1829 676 1866 sensu
685 1817 749 1866 valet
759 1815 905 1878 plurimum?
914 1816 994 1872 erum

215 1911 296 1972 itaque
307 1906 395 1970 impuri
407 1917 547 1968 congressus
557 1905 654 1968 propter
664 1903 834 1966 impudicitiam
846 1907 869 1952 el
880 1901 994 1952 immode-

215 1999 292 2048 ratam
299 1995 421 2045 libidinem
433 1993 524 2042 soleant
534 2003 587 2041 esse
596 1991 767 2040 immundiores
782 1991 898 2040 :etcitius
908 1990 938 2039 ab
947 1991 994 2052 apl·

215 2085 262 2135 bus
278 2081 497 2146 deprehenduntnr,
509 2081 534 2130 et
544 2079 625 2129 odium
635 2079 801 2129 vehementius
817 2078 931 2128 adversus
942 2077 995 2127 illos

215 2169 360 2235 concipiunt.
372 2167 442 2222 Unde
452 2167 517 2230 apud
527 2167 679 2218 Theocritum
688 2166 769 2228 jocose
777 2167 860 2214 Venus
869 2164 900 2214 ad
909 2165 995 2214 Anchi·

215 2273 258 2310 sen
266 2261 383 2322 apastore
390 2257 520 2318 ablegatur,
528 2254 564 2304 uli
573 2267 645 2317 apum
654 2253 743 2302 aculeis
749 2257 845 2316 propter
852 2252 994 2303 adulterium

647 444 738 504 ΠΕΡΙ
759 445 837 504 ΤΟΥ
857 443 1071 504 ΠΡΟΣΩΠΟΥ
1090 446 1168 504 ΤΗΣ
1190 446 1381 508 ΣΕΛΗΝΗΣ.

1648 454 1715 533 (rso,
1733 473 1768 528 r,
1782 461 1816 525 al

1033 587 1086 626 esse
1098 580 1239 638 autumans,
1249 590 1293 640 pro
1304 578 1397 641 ingenio
1408 579 1470 630 banc
1484 580 1551 646 prins
1559 597 1643 648 capere
1654 593 1770 650 conatur,
1780 592 1816 642 ds

1034 662 1089 712 iude
1098 676 1172 726 quum
1180 663 1415 730 siderilsooplnione
1422 681 1466 718 sua
1472 669 1590 734 frustrari,
1599 673 1728 727 bominem
1735 693 1816 731 rnrsar

1034 749 1141 800 insedit?
1155 755 1190 802 An
1202 753 1266 815 quod
1278 753 1308 802 ed
1321 753 1346 804 id
1361 755 1428 818 quod
1441 757 1541 810 missum
1557 761 1641 824 luerit,
1654 769 1679 816 et
1694 766 1816 819 bominem

1019 871 1021 874 .
1034 839 1114 902 ipsum
1123 840 1246 904 mqneliter
1255 841 1314 905 odil,
1324 847 1348 892 et
1356 842 1382 893 id
1393 845 1456 907 quod
1467 847 1600 909 proximius
1608 854 1656 912 est,
1667 853 1817 908 imectatml

1065 965 1197 1014 xxxviii.
1208 967 1287 1028 Luper
1295 979 1380 1044 omnes
1391 971 1459 1018 certo
1467 973 1533 1020 unni
1544 974 1655 1036 tempore
1659 981 1787 1039 parium.

1069 1086 1121 1134 dur
1133 1083 1202 1147 lupe
1213 1088 1280 1134 cerlo
1296 1089 1361 1136 enni
1373 1090 1483 1150 tempore
1496 1102 1582 1142 omncs
1593 1095 1667 1146 intra
1680 1096 1816 1150 duodecim

1036 1169 1091 1220 dies
1105 1173 1239 1234 perirent?
1254 1173 1378 1238 Antipater
1395 1175 1419 1224 in
1435 1177 1496 1228 libro
1511 1177 1542 1228 de
1556 1180 1706 1234 Animalibus
1722 1194 1815 1250 partum

1034 1257 1103 1321 lupos
1120 1259 1234 1322 pmjicere
1249 1261 1350 1323 adserit,
1368 1275 1441 1326 quum
1464 1265 1600 1328 glandiferae
1617 1271 1718 1322 arbores
1737 1275 1814 1326 liorem
1862 1277 1863 1342 ξ

1035 1347 1160 1410 abjiciunt,
1169 1363 1217 1412 quo
1226 1353 1333 1411 gustato,
1343 1353 1403 1402 uteri
1411 1353 1504 1403 illarum
1515 1363 1651 1408 reserantur
1662 1375 1669 1409 :
1680 1376 1760 1425 qnum
1768 1368 1814 1426 ejm
1862 1375 1863 1408 ι

1035 1435 1103 1499 copia
1111 1449 1160 1485 non
1171 1440 1222 1498 est,
1230 1443 1326 1501 partum
1336 1439 1362 1488 in
1374 1439 1426 1503 ipso
1437 1455 1536 1505 corpore
1544 1447 1634 1508 emori,
1645 1461 1692 1499 nec
1702 1451 1731 1500 in
1742 1453 1814 1503 lucau
1862 1439 1863 1464 ³

1035 1523 1117 1574 uenire
1128 1537 1198 1587 posse
1209 1539 1215 1573 :
1226 1527 1341 1588 praeterea
1352 1531 1462 1590 regiones.
1473 1529 1527 1581 illas
1539 1545 1554 1581 ιι
1568 1533 1633 1597 lupis
1648 1549 1699 1588 non
1716 1543 1802 1590 vested
1807 1581 1813 1604 ,

1035 1625 1090 1675 quea
1101 1612 1220 1674 glandium
1237 1627 1420 1679 quercuumque
1429 1617 1520 1668 feraces
1530 1633 1576 1670 non
1590 1628 1655 1673 sunt
1670 1627 1777 1684 Quidam
1787 1631 1813 1679 ad
1862 1657 1863 1680 ι

1035 1699 1139 1750 tabulam
1157 1704 1253 1751 Lalonae
1268 1703 1385 1766 reiemnt,
1401 1717 1547 1770 quicquum
1563 1709 1658 1761 utemm
1669 1713 1759 1776 terret,
1775 1731 1813 1767 nec

1035 1787 1128 1852 uspiam
1139 1791 1189 1838 tuta
1196 1801 1246 1852 prae
1253 1793 1348 1842 sunone
1357 1805 1411 1842 esse
1420 1799 1513 1856 posset,
1523 1794 1648 1847 duodecim
1657 1799 1812 1867 diebus‚qui·

1035 1875 1081 1925 bus
1091 1875 1116 1925 in
1128 1877 1213 1926 Delum
1224 1877 1427 1943 proficiscebatur,
1438 1881 1463 1931 in
1474 1881 1559 1946 lupum
1571 1898 1586 1934 e
1599 1889 1660 1936 Jora
1671 1895 1780 1952 mutata,
1791 1900 1813 1942 ιι

1035 1963 1148 2028 deinceps
1157 1978 1242 2016 omnes
1250 1965 1314 2031 lupe
1322 1967 1411 2032 eoipso
1418 1970 1526 2035 tempore
1536 1985 1619 2036 parere
1624 1977 1736 2041 possint,
1748 1981 1813 2044 impe

1036 2053 1116 2103 travit.

1065 2170 1173 2218 lllllllx.
1184 2173 1259 2233 Aque
1275 2171 1305 2221 ιιι
1317 2171 1451 2236 essperyiclc
1464 2173 1539 2232 albe,
1555 2177 1681 2239 ιιιιιιιιιιο
1697 2184 1784 2244 suipra.

1070 2286 1121 2334 Cur
1130 2297 1203 2348 oque
1211 2288 1239 2335 ιιι
1249 2297 1352 2336 memma
1359 2291 1437 2350 parte
1446 2289 1521 2348 albe,
1535 2291 1659 2352 infrendo
1667 2307 1730 2345 vcro
1740 2301 1811 2360 rripm

215 2347 370 2398 commissum
380 2348 499 2408 dindimi
511 2357 518 2391 ²
1035 2375 1189 2434 spectatur?
1204 2379 1240 2424 An
1255 2374 1321 2436 quod
1331 2376 1479 2438 profunditas
1494 2377 1623 2441 nigredinis
1637 2385 1718 2433 meter
1728 2391 1777 2446 est,
1788 2393 1811 2434 m

1035 2471 1091 2523 quoe
1102 2460 1160 2510 solis
1170 2459 1249 2512 radios
1259 2462 1326 2526 prius
1336 2477 1408 2526 quam
1420 2465 1449 2514 ad
1461 2479 1514 2516 eam
1525 2465 1685 2533 descendent,
1699 2472 1811 2522 obtundat
1862 2517 1863 2522 ,

1035 2550 1061 2597 et
1071 2547 1211 2598 labefactet?
1222 2550 1364 2614 superficies
1379 2553 1474 2614 alitem,
1485 2556 1598 2617 quoniam
1613 2558 1730 2609 continuo
1743 2562 1811 2610 asole
1862 2583 1863 2632 ι

1035 2634 1146 2698 afficitur,
1156 2637 1283 2688 candomm
1292 2638 1389 2690 luminis
1399 2641 1496 2704 recipiat
1505 2647 1607 2707 oportet.
1620 2645 1690 2704 Quod
1703 2647 1811 2712 ipsumsi

215 2727 247 2774 Et
255 2721 372 2773 Pindams
386 2737 392 2770 :
406 2741 418 2766 ι
430 2720 534 2772 Parvula
544 2719 652 2768 ferorum
662 2717 872 2781 fabricatrix,quae
880 2718 995 2798 lilroecum
1036 2725 1191 2789 Empedocles
1204 2727 1338 2790 eppmbat:

216 2811 336 2876 pupugisti
347 2811 444 2873 aculeo,
453 2809 554 2858 domans
566 2807 630 2857 iilius
639 2806 771 2870 perfidiam.
786 2824 799 2850 o

672 2453 705 2498 lc
713 2450 792 2497 oonier
802 2449 832 2496 ad
841 2451 917 2506 idam,

208 2576 209 2580 ,
270 2536 350 2582 oonicr
359 2536 388 2580 ad
402 2533 528 2588 Anchisen,
537 2533 578 2578 ubl
589 2543 688 2589 quercus
698 2533 767 2588 etque
779 2531 873 2587 cypirus

268 2615 361 2671 crescit,
371 2625 441 2671 apum
453 2613 534 2670 strepit
545 2615 613 2668 etque
624 2610 708 2656 domus
718 2610 829 2655 melliflue
838 2609 935 2655 bombis.

1862 2769 1863 2810 l

1088 2841 1115 2885 Et
1124 2839 1220 2896 nigerln
1230 2839 1303 2886 tundo
1314 2840 1381 2888 duvii
1390 2843 1454 2890 color
1463 2846 1539 2890 exstat
1547 2845 1578 2891 eb
1588 2845 1682 2902 umbra,
1862 2825 1863 2846 ἕ

1089 2921 1158 2976 alque
1166 2921 1297 2966 cavernosis
1308 2921 1387 2966 itidem
1398 2925 1515 2979 spectatur
1524 2924 1549 2968 ln
1562 2926 1643 2972 entrls.
1862 2899 1863 2984 J

237 2907 358 2976 ixxvu.
374 2927 455 2976 Cares
463 2923 554 2974 relicto
563 2921 666 2972 bomine
678 2921 793 2984 lapidem
801 2923 973 2973 insectantur.

251 3033 336 3088 Quare
344 3041 421 3080 cunm
429 3027 520 3078 relicto
528 3025 631 3076 domine
639 3025 770 3090 quljectt,
783 3024 898 3089 lapidem
908 3038 996 3076 nsorsrr
1036 3029 1072 3078 An
1086 3026 1145 3076 limo
1162 3027 1303 3091 plerumque
1316 3029 1428 3092 oppletus
1438 3030 1564 3082 fluminum
1578 3033 1700 3098 marisque
1714 3035 1811 3096 iundus,
1862 3029 1863 3078 l

216 3119 399 3170 insectantur?
415 3118 452 3165 an
468 3113 525 3178 qula
544 3127 623 3176 neque
638 3113 781 3176 cogitatione
797 3114 997 3176 comprehendere
1036 3113 1108 3164 tatem
1118 3113 1184 3164 dese
1194 3115 1297 3165 colorem
1306 3130 1347 3179 per
1355 3117 1413 3167 solis
1423 3119 1537 3170 retlexum
1547 3122 1694 3185 paril,queli
1704 3124 1812 3186 utiqueis
1862 3091 1863 3182 ι

217 3204 359 3267 quicquam,
378 3216 422 3252 nee
437 3199 558 3251 reminisci
575 3201 677 3264 (quibus
693 3201 758 3251 solus
774 3200 847 3250 bomo
865 3201 996 3252 uirtutibus
1036 3201 1210 3264 preditusesli
1223 3204 1413 3267 bnpmbabilius
1423 3210 1473 3266 est,
1484 3220 1572 3271 uquam
1581 3209 1693 3270 minime,
1705 3212 1811 3274 quaillis

217 3289 398 3353 velet)potesl?
408 3289 488 3352 itaque
499 3300 574 3351 quum
583 3291 662 3338 mente
670 3301 719 3338 non
728 3287 847 3338 discemut
857 3301 929 3352 aquo
938 3289 996 3352 inju·
1036 3295 1085 3351 est,
1095 3303 1178 3353 puram
1190 3295 1214 3340 et
1227 3291 1342 3342 sinceram
1357 3305 1424 3356 esse,
1441 3294 1484 3344 sed
1498 3299 1575 3346 terrea
1590 3297 1705 3360 qualitate
1720 3300 1812 3362 (utpute
1862 3299 1863 3312 ¹

172 3443 175 3448 Ι
217 3379 253 3428 ria
263 3377 333 3427 tuerit
342 3375 453 3440 illata‚id
464 3380 558 3426 tentum
572 3373 637 3437 quod
650 3374 681 3424 ob
692 3375 774 3424 oculos
782 3375 907 3426 minaciter
916 3389 995 3458 versa·
1036 3391 1091 3441 qma
1107 3381 1234 3440 continuo,
1247 3393 1296 3442 qua
1307 3382 1381 3431 currit
1396 3383 1434 3432 rel
1446 3383 1556 3444 agitetur,
1564 3385 1654 3449 aliquid
1668 3398 1699 3435 ex
1711 3387 1811 3436 madre·

217 3472 265 3527 tur,
279 3465 402 3514 inimicum
417 3477 470 3514 esse
481 3462 612 3522 existimet,
622 3462 700 3525 deque
715 3475 745 3511 eo
756 3461 886 3513 vindictum
902 3475 996 3514 sumere
1037 3465 1092 3530 liat)
1107 3465 1239 3528 imbutam,
1255 3480 1330 3531 quum
1344 3469 1376 3520 ad
1390 3469 1491 3521 tondum
1507 3471 1609 3537 residet,
1626 3473 1812 3525 turbidioremct

217 3557 293 3618 parat.
305 3557 340 3604 An
350 3552 465 3616 lapidem,
475 3551 532 3601 dum
540 3564 583 3614 per
592 3555 678 3600 terram
688 3549 800 3614 mittitur,
808 3551 883 3602 teram
892 3551 996 3616 aliquam
1037 3553 1117 3604 minus
1128 3554 1279 3620 perspicuum
1290 3555 1365 3607 ellici?

522 3761 686 3786 -00000—
1341 3763 1504 3788 -0000—

1294 3929 1364 4014 uu
1392 3927 1553 4018 Flora

1035 4133 1808 4246 Quaruonuuuuunlrransr.

507 3878 605 3930 *narr
620 3879 682 3928 ror
735 3855 742 3868 '

217 4032 658 4118 ΕΜΦΑΙΝΟΜΕΝΟΥ
688 4033 994 4114 ΠΡΟΣΩΠΟΥ

346 4223 399 4310 up
419 4221 553 4306 nrnnp
574 4222 654 4281 rua
675 4223 863 4282 aurnuns.

353 4511 539 4577 dromus
559 4512 637 4573 ΤΟΥ
657 4510 854 4571 ΔΙΑΔΟΓΟΥ.

189 4680 391 4736 mmmm,
405 4679 641 4726 pnopppppffl,
656 4673 992 4724 Aprpqpozppppqppffi
1046 4666 1205 4710 Lliil’lllls.
1229 4669 1444 4712 Aronuobibas.
1468 4671 1588 4713 Luctus·
1612 4673 1796 4716 Pnanulcns.

361 4761 487 4838 illim.
506 4757 728 4806 ΑΡΙΣΤΟΤΕΛΗΣ.
750 4755 845 4802 ΘΕΩΝ.
1193 4757 1297 4799 saluts.
1319 4752 1524 4805 anlsrornuas.
1543 4760 1658 4802 aneon.
1862 4753 1863 4756 ’

1213 4492 1398 4554 caesoria
1420 4493 1637 4570 concoouu.

255 4925 275 4965 1.
296 4904 327 4936 *ι*
339 4903 373 4963 ‘0
390 4899 436 4980 μὲν
448 4891 492 4959 οὗν
504 4899 618 4970 Σύλλας,
631 4901 741 4968 Ταῦτα,
759 4885 830 4966 εἷπε,
845 4895 883 4976 τῷ
898 4893 923 4972 γ’
937 4895 993 4972 ἐμῷ
1068 4901 1808 4966 1.**liceo,inquitsylls,memlabnlceconrcniunl,irulr-
1862 4927 1863 4956 ι

215 4994 289 5072 paribus
302 4989 446 5071 προσήκει,
459 4986 578 5047 κάκεῖθέν
595 4991 663 5046 ἐστι·
683 4984 741 5044 ἀλλ’
756 4985 779 5041 εἰ
791 4982 823 5054 δή
835 5005 861 5040 τι
872 4981 937 5064 πρὸς
947 4979 994 5049 τὰς
1034 4988 1278 5052 quedesumtasunl.
1310 4990 1356 5040 Sed
1373 4986 1393 5040 si
1405 4991 1464 5054 quid
1475 4997 1555 5040 contra
1572 4991 1626 5042 illas
1638 4993 1662 5042 iu
1675 4999 1770 5055 promln
1784 5007 1801 5038 n
1862 4963 1863 5028 i

214 5080 264 5140 iri
276 5053 357 5160 Ιχεῖρα
374 5075 471 5144 ταύτας
488 5074 534 5135 καὶ
548 5074 591 5134 διὰ
610 5072 738 5152 στόματος
755 5079 823 5128 πᾶσι
841 5069 916 5137 δόξας
933 5069 993 5150 περὶ
1034 5081 1071 5126 tus
1088 5079 1112 5127 et
1125 5077 1233 5126 omnium
1247 5091 1289 5128 ore
1304 5077 1436 5128 celebratus
1448 5079 1572 5142 opiniones
1583 5079 1614 5129 de
1629 5081 1689 5130 tecle
1706 5081 1767 5128 tunm
1780 5093 1805 5124 rr

177 5159 204 5247 ᾗ.)
214 5173 259 5227 τοῦ
279 5163 421 5248 προσώπου
439 5169 486 5236 τῆς
506 5162 615 5234 σελήνης
630 5157 906 5242 προσανεκρούσασθε,
920 5161 992 5240 πρῶ·
1036 5164 1140 5227 antiquis
1153 5165 1281 5227 attulistis,
1299 5165 1344 5215 boc
1359 5167 1463 5230 primum
1479 5166 1579 5217 libenter
1595 5167 1655 5218 mibi
1672 5165 1753 5216 uideor
1764 5178 1804 5214 su·
1862 5173 1863 5192 ³

215 5277 259 5313 τον
269 5252 351 5326 ἡδέως
364 5251 394 5310 ἄν
408 5275 453 5329 μοι
467 5252 534 5309 δοκῶ
545 5249 680 5310 πυθέσθαι.
723 5250 764 5326 (s)
777 5246 812 5307 Ti
824 5245 846 5304 δ’
858 5248 904 5305 οὐκ
916 5245 993 5324 ἐμέλ-
1034 5252 1092 5302 dire.
1125 5253 1359 5317 (t)sane,inquem
1370 5254 1806 5322 eqo,attulimus;quippcexmmn
1862 5271 1863 5282 ι
