3736 5846
225 385 301 461 titii
748 391 842 454 ntur
862 389 939 450 ΤΟΥ
961 389 1117 452 nstitui
1138 391 1312 455 tritior.
1547 400 1612 478 (su,
1628 419 1655 462 r.
1667 421 1731 480 oss,
1745 411 1833 486 ε-ε)

222 535 334 615 δύναμιν
354 536 378 594 oi
400 534 519 593 πλεῖστοι
535 539 652 612 στοιχεῖα
672 533 724 592 τῶν
742 529 829 591 ἀλλων
843 531 1007 592 ὑποτίθενται
1050 544 1130 590 mente
1149 541 1296 606 reliquorum
1315 547 1340 594 et
1357 544 1474 610 principii
1494 550 1617 614 statuunt,
1639 550 1710 617 ignis
1731 556 1833 622 usqu,

221 624 267 689 καὶ
281 622 377 708 ἀρχδς,
391 619 525 704 πυρδςκαλ
539 619 631 688 θδατος
644 619 689 680 καί
705 617 779 704 ἀέρος
791 620 836 681 καί
848 625 910 700 γῆς,
926 623 1008 700 ἀναγ-
1051 642 1126 694 aque,
1141 643 1190 693 ser,
1200 635 1225 682 et
1234 635 1309 695 ῑεπες
1321 645 1420 686 οσοεεεε
1430 637 1467 686 est
1477 638 1550 688 etium
1561 639 1665 690 totidem
1677 655 1739 694 esse
1755 645 1832 708 prinu

221 714 295 776 κοῖόν
312 717 368 773 ε’στι
384 711 431 774 καλ
444 709 584 782 ποιότητας
598 700 664 769 εἶναι
677 709 724 778 τάς
741 709 849 792 πρῶτας
861 709 906 769 καί
921 711 1007 777 ἁπλᾶς
1048 731 1077 768 eo
1086 719 1205 783 simplices
1214 721 1355 786 qualitates,
1366 723 1415 778 iilis
1421 725 1602 789 respondentes.
1636 733 1775 792 Qnaerern
1785 737 1832 798 sin,

220 801 359 871 τοσαύτας.
400 799 476 870 Τίνες
489 790 534 859 οὐν
548 801 613 858 είσιν
627 789 723 877 αὐτοι,
737 798 807 870 πλὴν
821 797 949 881 θερμότης
960 797 1006 858 καλ
1048 806 1186 870 nisicnior,
1203 811 1301 875 Frigus,
1319 813 1432 878 siooitts,
1447 815 1707 882 Humiditrs,quibus
1724 822 1834 873 demun

194 891 353 977 ‘iuppiter
370 890 415 951 καί
434 887 543 970 ξηρότης
563 886 607 947 καί
630 885 753 970 ὑγρότης,
775 879 815 956 αἷς
835 885 1005 969 τὰστοιχεῖα
1048 909 1091 960 per
1102 901 1213 947 usturam
1225 912 1293 949 suam
1312 904 1337 952 et
1351 905 1427 964 egunt
1443 904 1525 954 omnio
1539 907 1565 956 et
1582 907 1732 971 patiuntur?
1767 913 1835 974 (epu

220 983 334 1063 πάσχειν
347 979 453 1039 ἅπαντα
469 975 515 1038 καί
529 977 611 1036 ποιεῖν
625 975 739 1057 πέφυκεν
744 1001 753 1051 ;
795 978 827 1056 (α)
844 975 895 1046 Ὦς
909 974 936 1036 δὲ
953 981 1005 1036 τῶν
1047 987 1129 1036 tutem
1140 986 1165 1036 in
1178 989 1339 1040 Grammaticn
1349 989 1523 1042 elementorum
1539 999 1596 1044 sunt
1607 995 1747 1048 brevitates
1758 1005 1784 1048 et
1794 1000 1835 1050 ise-

221 1075 246 1132 ἐν
260 1073 435 1155 γραμματικῇ
450 1064 585 1147 στοιχείων
601 1065 765 1147 βραχόιητές
782 1069 832 1126 είσι
845 1064 892 1126 καὶ
905 1064 1006 1147 μακρά·
1047 1073 1179 1137 uredines,
1191 1075 1216 1125 in
1232 1077 1323 1127 Μαείοε
1338 1092 1410 1142 gravo
1422 1084 1447 1130 et
1457 1085 1568 1144 acutum,
1579 1095 1629 1133 nun
1646 1098 1731 1138 unum
1744 1086 1834 1136 alter.

220 1184 310 1234 τητες,
325 1163 377 1219 τῶι)
391 1157 413 1217 δ’
434 1159 461 1218 έν
476 1159 589 1237 μουσικῇ
610 1153 753 1237 βαρύτητες
766 1155 812 1214 καὶ
826 1153 958 1230 ὀξύτητες,
975 1157 1005 1214 οὐ
1043 1163 1166 1226 privatio:
1181 1165 1214 1214 itu
1228 1165 1253 1215 iu
1266 1167 1416 1218 naturalibus
1427 1183 1524 1233 quoque
1535 1171 1608 1222 rebus
1618 1171 1728 1225 esndn
1740 1175 1834 1228 elem-

221 1250 317 1334 θάτερα
332 1252 384 1308 τῶν
403 1246 498 1329 ἐτέρων
518 1242 651 1327 στέρησις,
671 1243 752 1312 οὕτως
766 1245 793 1302 ἐν
813 1252 866 1312 τοῖς
889 1247 1006 1326 φυσικοῖς
1048 1253 1127 1301 torum
1143 1253 1318 1316 oppositionem
1329 1257 1433 1308 statuere
1449 1257 1567 1309 debemus
1582 1259 1722 1313 oniidonrm
1734 1264 1833 1327 frigidis,

183 1356 207 1398 ro
220 1336 342 1418 eripiente
367 1331 544 1416 ἀντιστοιχίαν
567 1330 730 1406 ὑποληπτέον
752 1335 836 1416 ὑγρῶν
857 1333 920 1416 πρὸς
939 1332 1004 1415 ξηρά
1047 1343 1071 1390 et
1088 1340 1242 1392 humidorum
1254 1343 1337 1406 εῑοοίες
1353 1345 1373 1395 si
1389 1346 1486 1410 quidem
1497 1352 1522 1398 et
1540 1349 1628 1400 rationi
1645 1354 1671 1402 et
1691 1351 1737 1414 iis,
1749 1355 1832 1418 quae'u
1849 1331 1850 1366 ί

219 1426 265 1488 καί
277 1429 385 1509 ψυχρῶν
400 1423 463 1507 πρδς
477 1421 576 1504 θερμὰ,
593 1421 624 1482 τδ
644 1419 714 1480 κατὰ
734 1420 810 1502 λόγον
826 1419 882 1501 ἅμα
905 1422 951 1481 καί
970 1421 1004 1482 τά
1047 1433 1132 1479 notura
1147 1431 1259 1480 visuntur
1271 1432 1371 1496 eiieote,
1387 1437 1523 1488 consentire
1538 1437 1661 1490 uolumus.
1699 1443 1738 1504 (³)
1752 1443 1833 1493 uisis

220 1517 364 1601 φαινόμενα
379 1511 613 1596 διαφυλάττοντας·
676 1510 709 1589 (ε)
724 1507 755 1582 ἢ,
770 1510 889 1592 καθάπερ
901 1509 1004 1581 'riunir-
1047 1515 1123 1580 piaret
1134 1519 1202 1581 sequi
1213 1521 1385 1572 Anaximenen
1401 1521 1471 1573 iilum
1482 1525 1624 1590 antiquum,
1639 1533 1667 1578 ot
1681 1543 1766 1594 neque
1778 1531 1833 1593 frigi

220 1605 301 1688 μένης
313 1611 328 1667 θ
341 1602 453 1671 παλαιὸς
466 1601 546 1682 ᾤετο,
558 1598 626 1678 μήτε
636 1597 667 1659 τδ
681 1599 781 1682 ψυχρὸν
794 1601 821 1659 ἐν
832 1599 922 1680 οὐσία,
937 1599 1003 1679 μήτε
1045 1605 1104 1656 (ium
1114 1607 1139 1656 in
1148 1607 1296 1672 substantio,
1305 1624 1383 1675 neque
1391 1612 1496 1663 otidum
1505 1613 1654 1679 relinquere,
1667 1616 1716 1667 sed
1725 1633 1755 1670 a
1763 1620 1832 1670 tm

219 1694 249 1756 τδ
270 1693 364 1778 θερμὸν
384 1689 578 1768 ἀπολείπωμεν,
599 1686 667 1748 ἀλλά
685 1687 757 1762 πάθη
779 1687 853 1748 κοινά
872 1693 918 1762 τῆς
941 1689 1004 1764 θλης
1045 1707 1186 1747 communes
1196 1697 1334 1749 asseriones
1344 1711 1401 1763 que
1413 1701 1520 1752 materie
1530 1703 1711 1755 mutationibus
1724 1707 1833 1758 oomiten

183 1793 206 1834 [ὕ
219 1783 387 1864 ίπιγινόμενα
406 1784 463 1848 ταῖς
486 1777 656 1858 μεταόολαῖς·
677 1775 707 1836 τδ
726 1776 778 1859 γάρ
799 1779 1003 1858 συστελλόμενον
1045 1784 1093 1834 tur.
1124 1785 1219 1836 lseuirn
1226 1787 1333 1838 ureterioe
1343 1790 1851 1872 oontrnctionemstquodensttionennpp

219 1875 299 1944 αὐτῆς
308 1869 352 1932 καὶ
358 1866 549 1948 πυκνούμενον,
559 1863 659 1948 ψυχρὸν
669 1855 736 1926 εἶναι
748 1863 826 1948 φησί·
836 1866 866 1926 τὸ
877 1866 903 1926 δὲ
912 1866 1002 1949 ἀραιὸν
1044 1871 1147 1935 pellebat
1162 1873 1261 1938 Frigus;
1279 1875 1423 1928 iustiorem
1441 1878 1494 1941 ejus
1509 1885 1535 1930 et
1549 1881 1689 1944 raritatem,
1703 1885 1833 1935 moreni:

218 1960 264 2022 καί
281 1960 312 2020 τδ
324 1957 453 2041 χαλαρὸν,
473 1955 541 2016 οὕτω
555 1979 611 2023 πως
624 1954 756 2035 ὀνομάσας
768 1952 815 2014 καί
831 1955 1001 2040 rigi-piperi,
1045 1959 1078 2025 (i)
1090 1960 1192 2026 ideoque
1206 1976 1254 2013 non
1271 1965 1352 2029 inepte
1366 1965 1428 2029 diei,
1439 1969 1517 2019 mlide
1528 1969 1651 2022 hominem
1663 1985 1696 2022 ,χ
1709 1987 1752 2024 οη
1762 1979 1786 2024 ρ(
1798 1976 1832 2024 ff,

218 2047 325 2132 θερμόν.
369 2049 400 2126 (ι)
415 2045 471 2106 ὅθεν
486 2047 534 2104 οὐκ
548 2041 692 2110 ἀπεικότως
705 2041 828 2123 λέγεσθαι
841 2043 871 2103 τδ
885 2043 931 2104 καί
945 2049 1002 2127 θερ·
1043 2051 1099 2114 ude
1108 2053 1350 2106 emitterezhurtum
1361 2057 1425 2106 enim
1437 2070 1603 2122 eompressunr
1613 2059 1687 2111 iebiis
1699 2063 1832 2126 erquerico

218 2137 257 2217 μά
268 2137 312 2198 τὀν
324 2136 460 2219 ἀνθρωπον
471 2135 501 2193 ἐκ
512 2137 558 2192 τοῦ
574 2130 702 2211 στόματος
714 2130 760 2192 καλ
771 2133 860 2214 ψυχρά
872 2131 1001 2210 μεθιέναι·
1044 2144 1124 2190 satum
1145 2140 1196 2192 fieri
1215 2142 1342 2209 trigidum,
1359 2145 1476 2197 ειιιίεεοιιι
1495 2151 1579 2212 operto
1596 2162 1640 2200 ore
1658 2149 1691 2200 oh
1712 2153 1828 2201 numm

177 2251 204 2292 ro
218 2228 233 2258 ⁴
250 2225 364 2310 ψόχεται
377 2223 428 2304 γάρ
442 2227 459 2294 ἡ
473 2219 540 2294 πνοὴ
556 2225 693 2281 πιεσθεῖσα
707 2218 752 2279 καί
769 2225 935 2282 τωκνωθεῐοα
948 2226 1003 2292 τοῖς
1043 2227 1168 2280 colescere.
1187 2229 1219 2294 (5)
1229 2233 1308 2289 Quem
1317 2231 1415 2294 undem
1424 2233 1476 2295 eius
1483 2247 1587 2285 errorem
1597 2235 1742 2300 ignorationi
1751 2241 1825 2290 inbuit

215 2313 340 2399 χείλεσιν,
356 2309 491 2390 ἀνειμένου
505 2307 533 2369 δέ
547 2314 593 2369 τοῦ
605 2306 737 2388 στόματος
751 2306 915 2368 ἐκπίπτουσα
929 2309 998 2387 γίνε-
1043 2308 1182 2367 Aristoteles
1194 2331 1200 2366 :
1212 2323 1294 2382 aperto
1305 2320 1370 2370 enim
1381 2334 1423 2372 ore
1433 2335 1463 2372 ex
1473 2321 1544 2373 nobis
1555 2324 1614 2388 ipsis
1625 2325 1734 2378 eeiidnrn
1742 2329 1822 2388 eirnri;

215 2428 260 2464 ται
274 2401 369 2486 θερμόν
383 2399 435 2460 bri
450 2396 606 2478 μανότητος.
650 2397 682 2476 (ο)
698 2399 785 2458 Τοῦτο
799 2394 847 2476 μὲν
862 2387 906 2457 οὐν
921 2397 1001 2478 ἀγνά-
1043 2418 1119 2468 quum
1131 2419 1189 2456 vero
1200 2406 1288 2458 sssmns
1299 2409 1444 2473 compressis
1456 2411 1823 2474 tabiis,nonnosexnobtser·

219 2517 274 2573 ημα
287 2492 401 2552 ποιεῖται
410 2493 455 2548 τοῦ
468 2485 559 2568 ἀνδρὸς
572 2489 586 2544 ὁ
598 2483 791 2568 Ἀριστοτέλης·
805 2485 939 2565 ἀνειμένου
950 2487 1001 2569 γὰρ
1043 2493 1235 2560 sponsorem,
1248 2496 1291 2548 sed
1301 2511 1358 2549 eum
1370 2499 1412 2563 qui
1422 2504 1478 2551 ente
1489 2513 1518 2552 os
1526 2504 1565 2552 est
1575 2502 1668 2567 impelii
1679 2507 1705 2556 et
1715 2507 1783 2556 rebus
1792 2505 1822 2556 in

215 2587 261 2643 τοῦ
280 2578 422 2660 στόματος,
437 2576 588 2636 ἐκπνεῖσθαι
604 2572 635 2634 τὸ
651 2571 745 2656 θερμὸν
762 2572 789 2644 ἐξ
810 2577 886 2654 ἡμῶν
904 2578 1000 2650 αὐτῶν,
1043 2581 1131 2636 cidere.

174 2691 202 2734 tt
214 2667 277 2732 όταν
292 2665 320 2730 ii
338 2665 528 2750 συστρέψαντες
544 2661 579 2723 rit
591 2663 669 2744 χείλη
686 2662 855 2746 φυσήσωμεν,
870 2666 900 2724 οὐ
913 2663 958 2724 τὸν
974 2664 1001 2736 ἐξ

214 2764 301 2841 ἡμῶν,
315 2755 385 2819 ἀλλά
397 2757 442 2817 τδν
456 2753 523 2840 ἀέρα
539 2752 583 2814 τόν
604 2751 656 2836 πρὸ
674 2757 722 2813 τοῦ
736 2751 865 2832 στόματος
877 2754 1000 2816 ὠθεῖσθαι

214 2847 388 2934 ψυχρδνόντα
400 2840 675 2924 καὶπροοεμπίπτειν.
1506 2907 1508 2910 Ι

253 2917 333 3000 λίίΙΙ.
356 2938 390 2996 Ei
400 2933 423 2994 δ’
435 2931 606 2993 ἀπολειπτέον
617 2927 707 2991 οὐσίαν
718 2931 821 3014 ψυχροῦ
832 2930 878 2990 καί
889 2935 999 3014 θερμοῦ,
1072 2933 1140 2982 ἯῙῙ-
1156 2931 1284 2983 Enimiem
1302 2931 1324 2983 ⁸¹
1341 2932 1476 2984 mmm
1491 2934 1576 2985 &¹⁰5⁵
1589 2934 1733 3002 fiii⁰fi⁸ii¹¹e
1747 2952 1820 2989 Μ*
1852 2941 1853 3006 i

212 3023 372 3106 προάγωμεν
386 3021 430 3082 έπλ
444 3020 473 3080 τδ
488 3019 545 3092 ἑξῆς
556 3017 600 3078 τδν
612 3017 699 3098 λόγον,
713 3017 771 3090 ἥτις
782 3018 852 3080 ἐστὶν
866 3019 941 3080 οὐσία
954 3022 1000 3081 καί
1041 3019 1120 3070 (lenda
1129 3033 1183 3070 δῦθι
1193 3019 1297 3085 Ὺίᾱθῑΰῖι
1309 3021 1493 3086 imiimi
1503 3021 1666 3088 (ῙῙΕΡΙΙίΙΜθ,
1678 3029 1705 3078 ei
1712 3041 1766 3091 (1ssae
1776 3029 1821 3078 sub

173 3131 200 3172 to
214 3107 422 3196 ἀρχὴκαίφύσις
430 3105 760 3189 ψυχρότητος,ζητοῦντες.
801 3110 832 3188 (ι)
843 3112 878 3169 Οἱ
889 3107 936 3188 μὲν
947 3101 991 3170 οὐν
1042 3109 1143 3171 Sitillia,
1155 3108 1458 3174 quodprineipiurn,quae
1467 3115 1555 3162 natura
1567 3112 1599 3164 sit
1612 3113 1820 3177 (προπομπεῦ-

218 3203 265 3261 τῶν
279 3199 417 3270 σκαληνῶν
432 3195 479 3254 καί
491 3195 677 3274 τριγωνοειδῶν
697 3200 891 3273 σχηματισμῶν
906 3199 933 3256 ἐν
946 3206 1000 3266 τοῖς
1041 3211 1134 3262 gemus.
1183 3199 1216 3262 (t)
1231 3199 1251 3248 ii
1264 3198 1320 3262 qui,
1338 3199 1440 3251 senonis
1457 3212 1486 3250 εσ
1500 3201 1688 3265 triangularibus
1705 3205 1820 3268 figurisiu

212 3286 319 3368 σώμασι
334 3284 470 3364 κειμένων,
486 3282 518 3341 ri
537 3284 622 3365 ῥιγοῦν
642 3279 688 3340 καὶ
700 3279 805 3363 τρέμειν
821 3283 865 3342 καὶ
884 3284 998 3366 φρίττειν
1041 3287 1180 3351 torporibus
1191 3287 1256 3350 sitis,
1273 3288 1349 3351 rigere
1365 3301 1423 3352 nos,
1441 3291 1559 3352 tremere,
1572 3291 1684 3355 honere,
1701 3294 1821 3357 aliruneid

213 3375 258 3440 καί
272 3374 322 3436 ὅσα
338 3376 450 3455 συγγενῆ
463 3379 517 3439 τοῖς
531 3369 627 3430 πάθεσι
640 3365 752 3444 τούτοις,
772 3369 823 3430 θπδ
837 3374 1012 3454 τραχύτητος
1040 3388 1116 3438 genus
1128 3376 1176 3439 pati
1187 3375 1219 3426 ob
1231 3375 1383 3440 asperitatem
1392 3376 1584 3442 eorundionnt,
1594 3393 1735 3444 quenquam
1744 3383 1821 3446 inpar

211 3464 358 3546 έγγίνεσθαι
369 3461 502 3539 λέγοντες,
517 3460 540 3518 εί
550 3456 596 3518 καί
609 3457 662 3525 τοῖς
676 3455 745 3517 κατὰ
758 3455 835 3541 μέρος
850 3461 999 3545 διαμαρτά-
1040 3463 1181 3514 θευίεείίιιιε
1191 3467 1285 3527 errant,
1296 3464 1441 3529 principium
1452 3470 1533 3516 tamen
1542 3467 1598 3518 inde
1607 3473 1710 3520 sumunt
1719 3471 1782 3522 unde
1790 3485 1821 3534 pe

171 3569 199 3610 ts
212 3577 299 3628 νουσι,
311 3550 359 3626 ris
372 3549 458 3632 [γοῦν]
472 3544 558 3631 ἀρχὴν
570 3544 627 3606 ὅθεν
642 3547 681 3604 δεῖ
690 3545 869 3624 λαμθάνουσι·
882 3549 923 3609 δεῖ
932 3550 997 3634 γὰρ,
1039 3551 1139 3602 tensium
1149 3552 1202 3604 iuit
1220 3555 1321 3617 oportet
1330 3554 1408 3617 enim,
1421 3557 1534 3618 tanqnnrn
1546 3557 1659 3619 everte,
1668 3571 1684 3609 ε
1693 3559 1821 3609 substnnt'r

212 3641 302 3726 ῶσπερ
316 3644 359 3726 ἀφ’
373 3638 476 3713 ἑστίας,
489 3641 536 3711 τῆς
547 3639 599 3696 τῶν
614 3635 682 3695 ὀλων
694 3633 795 3710 οὐσίας,
808 3635 935 3718 ἄρχεσθαι
949 3641 997 3714 τὴν
1040 3641 1151 3692 Universi
1162 3641 1319 3706 questionem
1330 3641 1446 3693 inchoari.
1480 3643 1514 3706 (³)
1526 3647 1581 3703 Qus
1593 3645 1620 3694 in
1635 3659 1662 3696 re
1673 3649 1779 3698 muium
1791 3649 1819 3697 rt

211 3731 329 3806 ζήτησιν.
373 3730 406 3809 (τε)
425 3719 519 3815 ᾯκαλ
538 3725 655 3806 μάλιστα
676 3723 770 3795 δόξειεν
787 3725 819 3785 ἀν
840 3729 931 3807 ἰατροῦ
951 3731 998 3790 καί
1039 3727 1819 3797 θεείυτμίιὶίοεομίιιιεεωεάἰοο,τσείίοο,θ1ιὶσῑιιοᾱ)(τςςη,ςῃς

209 3825 325 3903 γεωργοῦ
339 3817 385 3878 καί
400 3816 513 3889 αὐλητοῦ
527 3813 658 3896 διαφέρειν
675 3813 847 3896 δφιλόσοφος.
870 3815 998 3888 Ἐκείνοις
1039 3818 1103 3868 enim
1117 3817 1206 3868 sufficit
1216 3820 1378 3869 extremarum
1389 3832 1516 3870 onusnrnrn
1530 3821 1698 3874 bonsiderntio.
1732 3826 1818 3876 fluuii

210 3906 258 3988 μέν
271 3906 321 3987 γάρ
336 3904 440 3988 ἐξαρκεῖ
454 3903 490 3963 τά
510 3901 611 3983 ἔσχατα
625 3905 678 3962 τῶν
695 3901 785 3963 αίτίων
805 3907 950 3985 θεωρῆσαι·
966 3906 997 3968 τὸ
1039 3907 1172 3970 proximam
1183 3919 1279 3957 οεοεεω
1292 3907 1370 3957 morbi
1387 3909 1566 3972 perspexerint,
1579 3911 1607 3961 ut
1618 3911 1691 3962 febris
1704 3927 1778 3964 οεαεε
1787 3919 1818 3963 tst

162 4009 197 4050 to
210 3995 262 4079 γὰρ
278 3993 413 4074 ἐγγυτάτω
427 3997 474 4052 τοῦ
487 3991 585 4059 πάθους
599 3990 681 4051 αίτιον
694 3990 727 4051 θν
742 3997 869 4074 συνοφθῇ,
883 4001 995 4076 πυρετοῦ
1038 3995 1140 4046 intentio
1150 3997 1192 4046 aut
1204 3995 1312 4046 humoris
1323 3995 1348 4046 in
1364 3996 1445 4047 iocum
1456 3996 1562 4048 ebenum
1579 3997 1698 4063 iiispsus3
1711 4002 1817 4066 rubigini

210 4082 257 4164 μίν
272 4079 405 4153 έντασιςῆ
424 4077 628 4161 παρέμπτωσις,
645 4078 767 4160 ἐρυσίάης
785 4078 814 4138 δό
826 4080 896 4152 ἤλιοι
917 4107 996 4165 πυρι-
1038 4083 1252 4146 inguinarium
1261 4083 1319 4135 solis
1328 4083 1508 4148 postimbrenr;
1518 4087 1599 4150 gravis
1610 4089 1680 4152 soni,
1690 4089 1815 4141 tistniernn

209 4175 312 4255 φλεγεῖς
321 4169 363 4230 ὐπ’
374 4166 481 4249 όμόριμ,
494 4165 638 4249 βαρύιητος
648 4165 676 4225 δὲ
686 4166 770 4233 κλίσις
781 4168 868 4227 αὐλῶν
882 4170 928 4230 καί
938 4195 995 4232 συν-
1037 4170 1495 4224 interseinclinntiozsntishocartffiei
1504 4175 1670 4228 estndsnum
1682 4191 1753 4243 epm,
1783 4182 1813 4244 (ς)

209 4256 300 4338 αγωγὴ
318 4256 383 4338 πρὸς
403 4253 545 4328 ἀλλήλους,
566 4251 653 4313 ίκανόν
673 4255 729 4312 ἐστι
750 4257 787 4336 τῷ
804 4253 909 4337 τεχνίτῃ
930 4259 995 4342 πρὸς
1036 4259 1427 4323 Physiroeutom,qnireritntem
1438 4261 1544 4312 suentiae
1554 4263 1629 4326 gretia
1638 4267 1814 4330 contemptun,

207 4347 237 4409 τὸ
255 4349 349 4408 οἰκεῖον
369 4344 453 4430 ἔργον.
496 4343 528 4423 (t)
550 4344 598 4425 Τῷ
617 4340 645 4402 δὲ
664 4346 779 4424 φυσικῷ,
797 4343 904 4425 θεωρίας
918 4331 1001 4409 ἕνεκα
1036 4347 1176 4399 ultimorum
1187 4347 1291 4410 cognitio
1302 4361 1350 4398 nou
1362 4348 1417 4399 fluis
1426 4349 1813 4418 est,seiinitiumndprimnso·

163 4469 191 4510 ts
208 4435 323 4517 μετιόντι
332 4432 455 4508 τάληθὲς,
464 4437 482 4506 ἡ
492 4435 544 4492 τῶν
556 4429 676 4512 έσχάτων
686 4433 781 4510 γνῶσις
789 4433 818 4490 οὐ
830 4432 904 4502 τέλος
913 4435 993 4511 ἐστίν,
1035 4449 1164 4502 premique
1175 4435 1350 4499 proficiscendi.
1384 4436 1418 4500 (t)
1428 4440 1511 4501 ltaque
1520 4444 1585 4490 reete
1594 4441 1694 4492 Pintoet
1706 4443 1811 4495 baroni

208 4526 266 4586 ἀλλ’
289 4522 359 4607 ἀρχὴ
382 4527 430 4595 τῆς
450 4521 494 4581 ἐπί
508 4520 542 4581 ris
563 4523 655 4604 πρῶτα
670 4518 716 4578 καί
734 4519 860 4580 ἀνωτάτω
878 4522 992 4604 πορείας.
1037 4529 1182 4575 iustitiam
1195 4524 1282 4574 caloris
1293 4529 1318 4574 et
1335 4526 1460 4588 gruritstis
1470 4529 1620 4591 querentes,
1634 4527 1810 4596 disputationes

209 4617 240 4694 (ε)
253 4613 300 4676 tri
314 4612 360 4673 καί
370 4609 485 4672 Πλάτων
497 4613 579 4692 ὀρθῶς
590 4607 637 4668 καί
648 4607 823 4690 Δημόκριτος,
838 4610 925 4670 αἰτίαν
935 4617 992 4697 θερ-
1034 4627 1082 4664 non
1091 4611 1122 4663 td
1136 4613 1283 4664 mentionem
1294 4613 1356 4676 iguis
1367 4616 1392 4664 ei
1401 4617 1471 4665 terro
1480 4614 1624 4678 iniverunt,
1636 4616 1680 4669 sed
1693 4617 1810 4670 nostru

208 4701 320 4782 μότητος
329 4701 374 4760 καὶ
386 4697 530 4783 βαρύτητος
541 4700 690 4771 ζητοῦντες,
702 4699 732 4758 οὐ
740 4696 911 4758 κατέπαυσαν
921 4703 992 4783 ἕνῇ)
1034 4710 1064 4761 sd
1073 4714 1153 4761 mente
1163 4710 1214 4760 soit
1228 4709 1345 4762 cernendo
1357 4709 1472 4775 principie
1481 4711 1636 4778 reremedio,
1649 4727 1727 4786 usque
1736 4714 1764 4766 ιο
1772 4713 1807 4764 rui

208 4791 252 4851 καὶ
269 4788 334 4872 πυρί
353 4787 396 4847 τδν
415 4787 504 4867 λόγον,
520 4786 578 4846 ἀλλ’
591 4785 636 4845 ἐπὶ
654 4784 702 4854 τάς
716 4785 809 4858 νοητάς
824 4787 993 4872 ἀναφέροντες
1034 4798 1099 4850 nime
1109 4803 1225 4863 unquam
1237 4799 1329 4850 renim
1340 4799 1458 4863 progressi
1469 4801 1534 4852 sunt

169 4909 197 4950 ιη
207 4877 292 4962 ἀρχάς
302 4876 336 4938 ri
348 4874 474 4951 αἷσθητδι,
486 4874 566 4958 μέχρι
577 4877 629 4935 τῶν
640 4874 797 4956 ἐλαχίστων,
807 4874 897 4959 ὥσπερ
911 4899 993 4961 σπερ-

207 4967 307 5047 μάτων,
320 4967 459 5050 προῆλθον.

246 5057 296 5118 ΙΧ.
318 5058 358 5116 Οὐ
374 5053 427 5134 μὴν
440 5051 509 5113 ἀλλά
523 5052 569 5114 καί
582 5049 617 5112 τά
631 5049 745 5125 αίσδητά
758 5051 834 5112 ταυτί
846 5077 991 5136 προανακι-
1063 5065 1107 5114 lx.
1123 5063 1297 5114 Verumtamen
1308 5061 1375 5128 prius
1386 5061 1459 5114 etium
1468 5063 1520 5113 hee
1529 5063 1628 5114 sensilis
1638 5067 1740 5116 mcum
1746 5076 1802 5128 expe

206 5147 285 5218 νῆσοι
298 5141 399 5224 βέλτιόν
414 5145 494 5216 ἐστιν,
509 5143 535 5201 ἐν
550 5135 587 5210 οῖς
601 5141 785 5220 Ἐμπεδοκλῆς
796 5167 824 5202 τε
839 5140 885 5201 καί
899 5142 990 5225 Στρά-
1032 5150 1081 5212 dit,
1093 5151 1118 5200 iu
1130 5151 1218 5215 quibus
1230 5151 1399 5216 Empedocles,
1411 5153 1490 5203 struto
1501 5155 1526 5202 et
1537 5153 1612 5203 stoici
1626 5153 1767 5205 substantiis
1777 5153 1800 5200 te

207 5253 259 5290 των
271 5231 316 5291 καί
329 5234 352 5290 οί
368 5228 481 5291 Στωϊκοί
496 5227 543 5298 τάς
557 5227 646 5298 οὐσίας
657 5229 770 5290 τίθενται
782 5233 833 5290 τῶν
845 5230 988 5310 δυνάμεων,
1010 5245 1014 5280 ¹
1032 5241 1148 5291 cuitutuur
1160 5243 1266 5304 pouunt,
1278 5240 1351 5292 stoici
1361 5241 1466 5303 primun
1481 5241 1593 5305 trigidum
1605 5243 1657 5293 eeri
1669 5243 1799 5304 murum,
