3810 5840
81 421 148 503 (117,
163 447 255 518 3-3)

478 439 786 512 QUAESTIONUM
813 445 1138 518 couvtvtttiilt
1164 459 1246 522 LIB.
1272 463 1301 536 1,
1324 475 1351 526 t.

1628 453 1696 540 ἰιι

85 571 184 654 αὐλείῳ
198 571 334 656 τδντῶφον
348 572 545 652 ἀποκλείοντες,
561 573 717 659 είσοίγειντῇ
730 578 874 662 παραθύρω
919 585 1083 650 intendamus,
1102 605 1235 645 verenuum
1258 603 1316 659 puto
1337 613 1368 650 ne
1384 601 1509 656 videamur
1527 608 1617 659 fastum
1636 613 1699 663 ontio
1739 619 1741 626 ’

86 659 153 738 μετὰ
165 664 269 735 πολλῆς
281 662 449 745 ἀδιαφορίας·
458 665 485 721 ἐν
496 655 518 746 ᾧ
528 663 574 723 καί
585 665 709 750 συνηθείᾳ
715 691 740 726 τι
750 669 795 728 καί
802 669 875 751 νόμῳ

87 751 184 812 δοτέον.
230 752 330 844 (ι)“Ἧ
352 752 398 811 καλ
423 752 566 834 προπόσεις
586 753 632 815 καί
656 755 875 839 προσαγορεύσεις

87 839 233 918 ἀνέλωμεν,
247 845 289 908 αἱς
302 839 367 920 πρὸς
377 839 437 908 τοὺς
449 842 674 924 ἐπιτυγχάνοντας
685 847 738 906 οὐδ’
747 847 872 930 ἀκρίτως,

60 947 72 984 t
86 929 141 988 ἀλλ’
153 934 189 997 ὡς
200 927 338 1009 ἐνδέχεται
351 929 469 1008 μάλιστα
480 931 630 1014 χρώμενοι,
642 939 760 1014 τιμῶμεν

145 1063 200 1129 ἕδρη
208 1081 234 1113 τε
243 1063 340 1130 κρέασίν
348 1065 370 1114 τ’
377 1101 384 1126 ,
392 1065 433 1124 ἠδὲ
440 1063 527 1124 πλείοις
534 1065 670 1129 δεπάεσσιν,

85 1177 207 1262 ῶςφησιν
220 1184 299 1240 ὁτῶν
314 1179 452 1254 Ἑλλήνων
470 1181 607 1262 βασιλεὺς,
622 1183 669 1257 τήν
679 1183 751 1256 τάξιν
762 1187 789 1246 ἐν
802 1185 871 1268 προί·

84 1294 115 1350 τη
130 1275 196 1349 τιμῇ
206 1269 349 1348 τιθέμενος.
394 1271 423 1348 (ο)
437 1269 617 1350 Ἐπαινοῦμεν
632 1270 659 1331 δὲ
669 1271 715 1333 καὶ
726 1273 771 1333 τὸν
785 1273 870 1335 ’Alal-

85 1381 149 1432 νουν,
164 1358 205 1418 ὅτι
222 1358 270 1418 τὸν
282 1357 351 1428 ξένον
365 1358 448 1442 ἱδρύει
460 1359 524 1442 παρ’
539 1359 630 1440 αὐτόν,

51 1505 73 1546 itt
142 1493 199 1542 rtis
206 1492 344 1552 ἀναστήσας
352 1493 490 1559 ἀγαπήνορα
500 1493 675 1558 Λαοδάμαντα,

142 1563 199 1620 dcci
208 1563 312 1622 πλησίον
321 1565 363 1622 lte·
375 1564 477 1630 μάλιστα
486 1567 512 1616 δέ
522 1583 561 1631 μιν
570 1567 697 1632 φιλέεσκεν.

84 1697 121 1759 fl
131 1696 183 1780 γὰρ
198 1701 236 1767 εἷς
250 1697 298 1773 τήν
309 1705 355 1759 τοῦ
369 1699 525 1784 φιλουμένου
537 1699 627 1783 χιίιραν
640 1700 748 1762 καθίσαι
757 1702 802 1762 τὸν
814 1701 865 1763 ίκί-

83 1811 137 1860 την,
152 1787 281 1858 ἐπιδέξιον
297 1790 419 1870 ἐμμελῶς
437 1790 482 1850 καλ
500 1791 692 1874 φιλάνθρωπον.
735 1792 770 1872 (ο)
786 1788 866 1854 Ἔστι

84 1875 108 1935 δὲ
120 1877 164 1935 καί
181 1877 260 1959 παρὰ
274 1887 329 1948 τοῖς
348 1883 414 1948 θεοῖς
432 1877 561 1962 διάκρισις
580 1886 633 1941 τῶν
651 1881 784 1942 τοιούτοιν.
832 1884 866 1945 Ὁ

50 1985 70 2026 tt
84 1964 127 2044 μὲν
138 1965 191 2049 γὰρ
206 1969 354 2043 Ποσειδῶν,
372 1968 468 2052 καίπερ
479 1968 592 2040 ὕστατος
606 1974 642 2040 είς
660 1971 708 2046 τήν
722 1973 865 2048 ἐκκλησίαν

81 2054 304 2136 παραγενόμενος,

141 2195 202 2252 'lies
211 2195 251 2259 ἄρ’
263 2195 289 2244 ἐν
301 2193 434 2258 μέσσοισιν,

82 2310 114 2374 ὡς
127 2304 225 2378 ταύτης
240 2306 315 2386 αὐτῷ
331 2307 378 2376 τῆς
394 2303 484 2386 χώρας
501 2303 694 2388 προσηκούσης.
738 2307 769 2386 (7)
793 2307 828 2370 Ἡ
843 2309 865 2368 δ’

83 2395 173 2468 Ἀθηνᾶ
184 2393 308 2477 φαίνεται
320 2391 365 2452 τθν
378 2393 490 2466 πλησίον
505 2392 547 2452 ἀεὶ
562 2399 609 2454 τοῦ
623 2394 684 2463 Διὸς
698 2394 779 2455 τόπον
793 2395 864 2466 ἐξαί-

39 2479 70 2544 ¹au
83 2507 151 2565 ρετον
167 2481 283 2564 ἔχουσα·
297 2479 343 2542 καί
366 2487 442 2542 τοῦτο
455 2481 633 2566 παρεμφαίνει
646 2481 696 2561 μὲν
710 2487 724 2541 δ
741 2483 864 2558 ποιητής,

82 2572 111 2631 δι’
124 2565 158 2632 ῶν
174 2572 217 2631 ἐπὶ
226 2577 276 2646 τῆς
286 2568 393 2640 Θέτιδός
400 2594 491 2651 φησιν,

140 2709 170 2758 Ἢ
182 2707 203 2756 3·
216 2706 265 2772 apa
275 2706 323 2770 ,pp
334 2707 370 2756 Δ)
379 2706 449 2772 rumpi
458 2707 581 2767 καθέζετο,
594 2707 638 2764 εἶξε
649 2707 669 2756 δ’
682 2706 779 2766 Ἀθήνη·

85 2823 220 2909 διαρρήδην
235 2818 433 2904 δλδΠίνδαρος
442 2818 527 2902 λέγει·

142 2962 192 3025 Πῦρ
199 2957 482 3022 πνέοντοςάτεκεραυνολι
506 2953 512 3022 Ι
536 2955 639 3022 ἄγχιστα
649 2957 731 3022 ἡμένη.

50 3083 72 3122 λλ
84 3071 112 3148 (λ)
125 3067 219 3130 Καίτοι
230 3065 311 3150 ρήσει
322 3066 416 3147 Τίμων
428 3069 458 3128 οὐ
470 3069 523 3127 δεῖν
534 3069 702 3150 ἀφαιρεῖσθαι
711 3072 763 3129 τῶν
776 3069 863 3130 ἀλλων

83 3160 116 3218 ἐν)
129 3159 310 3242 προσνίμοντα
319 3155 368 3229 τήν
379 3155 469 3234 τιμήν.
509 3153 597 3238 Ὅπερ
609 3155 687 3225 αὐτὸς
699 3155 765 3218 ἔοικε
779 3166 863 3219 ποιεῖν

85 3251 190 3326 μᾶλλον·
203 3247 356 3330 ἀφαιρεῖται
371 3243 422 3327 γὰρ
435 3245 546 3305 όκοινὸν
559 3249 641 3305 ποιῶν
655 3244 685 3306 τδ
701 3245 779 3307 ίδιον·
796 3245 860 3306 ’ίδιον

85 3334 145 3396 tiri
155 3337 213 3396 κατ’
224 3335 302 3406 ἀξίαν
314 3333 489 3396 ἑκάστουκαὶ
503 3336 574 3394 ποιεῖ
584 3333 680 3418 δρόμου
690 3334 734 3396 καλ
746 3339 862 3408 σπουδῆς

84 3423 110 3481 τό
126 3433 263 3506 πρωτεῖον,
282 3426 363 3505 ἀρετῇ
377 3421 423 3482 καλ
438 3421 575 3503 συγγενείᾳ
595 3422 641 3481 καλ
655 3425 726 3504 ἀρχῇ
741 3423 787 3482 καλ
806 3433 861 3493 τοῖς

54 3519 75 3560 ³⁰
84 3513 198 3582 τοιούτοις
213 3511 392 3597 ὀφειλόμενον.
436 3508 538 3590 (allici
554 3508 585 3568 τό
598 3509 714 3592 λυπηρὸν
728 3501 794 3570 ι’ίναι
807 3520 861 3581 τοῖς

919 649 1017 722 {atriensi
1029 653 1184 726 excludentes
1196 671 1237 720 per
1248 661 1369 720 posticum
1380 663 1518 728 admittere,
1531 669 1589 719 dum
1601 673 1699 724 nimiam

918 711 1101 788 indifferentiam
1114 722 1185 780 atqrre
1195 720 1355 782 mortalitatem
1365 725 1547 780 introducimus.
1582 734 1626 784 llic
1635 736 1698 786 euim

918 775 1086 850 consuetudini
1093 779 1184 852 aliquid
1194 782 1300 831 darrrlum
1310 788 1364 846 est,
1375 791 1400 836 et
1408 789 1500 852 legibus
1508 795 1697 846 concedendum.

918 836 964 896 (tl
983 839 1032 886 llisr
1048 842 1228 913 pmprnatioues
1246 843 1319 894 etiarn
1334 848 1448 901 volumus
1464 859 1489 901 et
1504 857 1699 918 compellationes

917 896 1026 958 abolere,
1043 902 1132 972 quibam
1148 903 1275 954 adversum
1289 921 1331 956 coe
1347 911 1492 972 quibuscum
1505 918 1573 967 uobis
1592 933 1632 969 res
1647 925 1698 984 est,

917 973 1118 1074 ρρρθργχφγοουε
1135 966 1235 1028 ιιλλιιιιιτ,
1255 967 1298 1018 sed
1317 975 1435 1032 quantum
1446 979 1546 1028 omniuo
1557 979 1609 1030 fieri
1620 986 1700 1046 potest

1042 1111 1152 1169 Assessu,
1165 1115 1333 1176 camismissu,
1342 1121 1464 1181 plenisque
1472 1127 1578 1185 culullis;

901 1184 944 1257 'ut
953 1207 997 1270 ,ille
1011 1211 1152 1261 Graecorum
1162 1225 1204 1262 rex
1220 1213 1313 1276 inquit,
1324 1217 1403 1267 ordini
1413 1219 1510 1274 honoris
1519 1227 1608 1288 primas
1619 1233 1699 1292 partes

915 1285 1030 1338 tribuens.
1063 1289 1105 1352 (5)
1120 1290 1249 1341 Alcinoum
1261 1307 1358 1358 quoque
1369 1295 1511 1364 laudamus,
1523 1304 1565 1367 qui
1579 1305 1699 1371 hospitem

911 1373 984 1437 juxta
994 1389 1021 1426 se
1030 1377 1171 1441 collocaret,

940 1470 1041 1518 Gnatum
1054 1475 1240 1534 jussissetquum
1251 1489 1345 1536 surgere
1354 1481 1523 1540 Leodamanta,
1563 1459 1567 1468 Ι

939 1543 1018 1580 carum
1028 1547 1077 1594 prce
1086 1539 1182 1595 reliquls
1189 1571 1196 1596 ,
1204 1539 1280 1597 ipsum
1290 1544 1332 1598 qui
1341 1554 1401 1600 pone
1412 1545 1511 1594 sedebat

912 1707 1048 1758 Admodum
1067 1709 1131 1760 eninr
1147 1711 1282 1766 humanum
1301 1715 1347 1769 fuit
1362 1723 1387 1770 et
1404 1722 1491 1772 scitum
1511 1724 1614 1789 factum,
1633 1727 1697 1790 quod

912 1795 1043 1860 supplicem
1056 1798 1081 1848 ln
1093 1799 1173 1850 locum
1185 1800 1267 1853 dilecti
1278 1807 1377 1870 recepit.
1409 1809 1451 1872 (ο)
1466 1811 1512 1861 sed
1528 1817 1553 1863 et
1564 1815 1628 1877 apud
1640 1815 1697 1866 deoc

911 1888 948 1935 est
956 1885 1075 1947 judicium
1084 1892 1108 1938 et
1118 1888 1245 1942 discrimen
1255 1891 1327 1956 buius
1336 1893 1379 1946 rel.
1413 1900 1539 1962 Neptunus
1548 1903 1612 1952 enim
1623 1917 1697 1968 quan·

911 1987 984 2039 quana
993 1974 1095 2027 ultimus
1104 1983 1203 2031 venerat
1213 1981 1240 2032 iu
1251 1984 1404 2046 concionem,
1417 1987 1572 2041 nihilominus

936 2207 963 2252 ln
971 2205 1050 2252 medlo
1058 2205 1162 2254 consedit
1173 2221 1180 2254 ι

911 2319 1023 2370 nimirum
1035 2319 1082 2370 hoc
1093 2320 1147 2371 loco
1158 2321 1183 2372 in
1194 2321 1274 2386 ipsum
1286 2325 1453 2378 conveniente.
1486 2329 1530 2394 (7)
1540 2329 1647 2382 ltinerva
1658 2346 1696 2383 arr·

911 2412 958 2458 tem
969 2405 1067 2460 ridetur
1075 2409 1190 2459 eximium
1201 2411 1266 2462 laune
1277 2412 1358 2466 locum
1368 2413 1494 2481 habuisse,
1505 2423 1534 2469 ut
1540 2433 1634 2485 semper
1642 2423 1696 2473 Jovi

910 2495 1017 2560 produc
1033 2496 1175 2548 adsideret:
1196 2498 1269 2562 idque
1284 2507 1355 2565 poeta
1364 2503 1486 2568 significat
1501 2506 1532 2558 de
1546 2507 1648 2560 Thetide
1664 2509 1696 2559 di·

909 2597 982 2648 cens,

907 2699 910 2706 '
935 2699 1027 2746 Assedlt
1037 2699 1156 2757 patrique,
1167 2704 1244 2749 locum
1252 2701 1347 2749 cedente
1356 2705 1475 2751 ldlnerva:

909 2835 934 2880 ct
945 2829 1062 2882 Pindarus
1073 2831 1162 2883 diserte
1172 2831 1248 2893 dixit,

936 2953 1038 3011 Spirantl
1047 2953 1152 3000 flammo
1161 2965 1214 3012 quas
1223 2964 1296 3013 prope
1306 2953 1399 3000 fulmlnl
1409 2953 1502 3002 aserdet.

910 3078 953 3143 (8)
971 3079 1040 3129 Dicet
1051 3077 1148 3144 quidem
1159 3079 1245 3130 Timon
1251 3114 1260 3141 ,
1271 3092 1321 3128 nou
1333 3076 1421 3130 debere
1434 3081 1521 3130 ceteris
1532 3081 1620 3132 auferri
1629 3083 1694 3147 quod

908 3168 950 3218 uni
959 3168 1059 3219 tribuas.
1092 3167 1165 3232 Atqui
1176 3167 1223 3218 hoc
1234 3167 1315 3232 ipsum
1326 3171 1364 3218 est
1375 3167 1441 3230 quod
1453 3166 1492 3218 ille
1504 3166 1562 3217 facit
1571 3169 1676 3219 maxime
1687 3184 1694 3220 :

907 3257 992 3308 adimit
1002 3257 1066 3306 euim
1077 3256 1143 3320 quod
1154 3255 1277 3320 proprium
1290 3256 1363 3306 unius
1374 3256 1406 3305 sit
1418 3256 1459 3318 qui
1470 3256 1553 3306 multis
1566 3257 1621 3307 facil
1630 3272 1694 3308 com·

907 3358 997 3396 mune:
1012 3345 1134 3408 proprium
1147 3347 1231 3396 autem
1243 3344 1374 3408 unicuique
1387 3349 1438 3406 est,
1450 3343 1517 3407 quod
1528 3345 1632 3409 quisque
1643 3360 1693 3397 me·

905 3436 973 3484 retur
988 3448 995 3484 ι
1011 3447 1039 3484 ac
1049 3433 1196 3484 festinationi
1207 3432 1338 3498 cursuique
1347 3431 1434 3484 tribuit
1444 3433 1535 3497 primae
1547 3439 1641 3497 partes,
1654 3433 1693 3485 de·

905 3523 968 3574 bites
991 3523 1071 3588 potius
1093 3522 1193 3586 virtuti,
1214 3521 1364 3585 cognatiom,
1386 3520 1551 3585 magistratui,
1574 3526 1599 3572 et
1620 3523 1692 3574 rebus

85 3603 243 3682 κεκλημένοις
255 3600 358 3686 φεύγειν
371 3601 463 3673 δοκῶν,
477 3601 577 3678 μᾶλλον
591 3597 729 3680 ἑφίλκεται
744 3603 801 3660 καθ’
815 3607 860 3661 αὖ·
904 3611 1031 3663 similibus.
1063 3611 1106 3676 (9)
1119 3615 1149 3662 at
1158 3609 1225 3674 quod
1236 3610 1318 3674 fugere
1329 3610 1383 3660 ruit
1393 3624 1424 3660 ue
1435 3610 1546 3660 convivis
1556 3611 1691 3663 molestiam

85 3697 137 3750 τῶ·
145 3695 221 3752 λυπεῖ
232 3691 285 3774 γὰρ
298 3691 449 3769 ἀποστερῶν
458 3692 504 3761 τῆς
514 3687 639 3760 συνήθους
647 3693 727 3768 τιμῆς
738 3689 858 3753 ἕκαστον.

87 3781 125 3858 (ιο)
141 3779 219 3860 Ἐμολ
236 3780 259 3839 δ’
274 3781 305 3839 οιί
317 3777 379 3837 λίαν
393 3776 511 3858 χαλεπόν
527 3765 594 3836 είναι
609 3777 721 3838 δοκεῖτὸ
736 3777 798 3862 περ)
811 3777 859 3853 τήν

904 3700 1028 3762 exhibeat,
1040 3700 1065 3750 in
1082 3699 1108 3750 id
1124 3699 1204 3763 ipsum
1220 3697 1305 3748 incidit
1322 3711 1329 3748 ι
1345 3711 1400 3747 narn
1416 3711 1479 3760 aegre
1491 3698 1548 3748 facit
1558 3699 1638 3761 οιιιιιλ,
1650 3701 1691 3763 qui

904 3789 993 3840 usitato
1002 3801 1057 3840 eum
1067 3787 1157 3838 honore
1168 3787 1257 3850 privat.
1291 3786 1350 3850 (to)
1360 3789 1472 3835 Ceterum
1482 3783 1622 3847 dijudicatio
1631 3788 1690 3837 nrilri

86 3869 213 3954 διάκρισιν.
254 3872 368 3953 Πρῶτον
381 3867 429 3947 μίν
440 3865 491 3950 γδιρ
505 3865 646 3948 ἀφοίμιλλοι
660 3867 713 3935 τοῖς
727 3867 859 3946 ἀξιώμασι
903 3877 1001 3942 quidem
1011 3890 1062 3927 uon
1073 3874 1203 3926 admodum
1213 3872 1565 3938 rideturdlfdciliszprimum‚
1575 3875 1633 3937 quia
1643 3890 1690 3926 non

53 3963 75 4006 ὅ
85 3959 169 4019 πολλοὶ
181 3959 246 4044 πρὸς
258 3958 322 4038 μίαν
330 3959 424 4030 κλῆσιν
438 3959 468 4017 οὔ
481 3953 576 4039 ῥαδίως
588 3957 751 4014 ἀπαντῶσιν·
767 3955 859 4016 ἔπειτα

85 4047 201 4108 πλεόνων
214 4049 304 4110 τόπων
316 4050 342 4106 ἐν
354 4036 415 4126 δόξῃ
429 4043 582 4125 γεγονότων,
598 4043 707 4126 ἀφθονία
718 4048 765 4116 τῆς
775 4045 859 4104 διανο·

87 4140 131 4212 μῆς
141 4140 218 4212 ἐστιν,
232 4138 265 4197 ἄν
278 4143 318 4204 τἰς
329 4137 462 4214 εὐστοχεῖν
475 4130 597 4205 δύνηται,
610 4130 654 4190 τὸν
668 4130 725 4208 μὲν,
737 4129 778 4190 ότι
786 4136 859 4213 πρῶ-

85 4247 135 4299 τος,
148 4226 191 4287 τόν
203 4225 244 4300 δὲ,
259 4225 300 4286 ότι
314 4223 407 4303 μίσος,
420 4221 465 4282 τόν
479 4220 513 4301 δ,
528 4218 568 4281 ότι
582 4220 646 4304 παρ’
659 4219 747 4294 αὑτὸν,
759 4218 776 4292 l,
791 4219 859 4299 μετὰ

903 3967 971 4017 facile
983 3966 1054 4016 multi
1063 3978 1112 4015 una
1120 3963 1253 4014 invitantur
1261 3963 1377 4026 dignitate
1389 3962 1509 4026 aequalem
1520 3963 1606 4014 deinde
1614 3979 1689 4028 quiam

903 4056 972 4105 multi
990 4055 1039 4105 sint
1053 4053 1101 4104 loci
1121 4052 1244 4114 honorati,
1264 4051 1324 4102 sade
1341 4051 1418 4116 cupite
1435 4056 1473 4102 est
1490 4053 1593 4104 honores
1610 4053 1689 4103 distri·

903 4143 1005 4204 bucndi,
1017 4141 1090 4192 modo
1106 4140 1161 4205 quia
1180 4140 1280 4192 feliciter
1295 4141 1415 4204 conjicere
1432 4142 1510 4205 possit
1525 4141 1579 4204 quis
1595 4141 1688 4205 primus

903 4233 934 4284 eit
941 4269 949 4296 ,
959 4233 1013 4296 quia
1024 4230 1131 4294 medius,
1144 4235 1197 4281 tum
1208 4230 1263 4294 quis
1272 4230 1342 4294 iuxta
1354 4232 1434 4295 ipsum
1446 4230 1617 4292 collocandus,
1632 4230 1688 4294 quis

86 4315 152 4394 φθον
165 4315 247 4394 τινὸς,
262 4313 281 4388 λ)
296 4310 464 4386 συνήθους,ή
478 4315 642 4391 καθηγητοῦ,
657 4307 741 4378 διδοθς
754 4308 858 4392 ίκάστῳ
900 4321 969 4386 (τιτλε
986 4320 1104 4382 οιιιλουιιι,
1123 4323 1165 4369 aut
1181 4318 1336 4381 familiarem,
1358 4322 1401 4370 aut
1419 4318 1560 4381 magistrum
1580 4333 1587 4366 ε
1607 4317 1688 4368 λοοιιιιι

55 4405 76 4445 ⁸⁰
86 4406 131 4461 τῶν
142 4403 322 4483 ἀξιωματικῶν
331 4399 493 4482 λεγομένοιν·
501 4401 556 4466 τοῖς
568 4397 596 4458 δὲ
606 4397 695 4466 ἀλλοις
706 4398 803 4480 δωρεᾶς
812 4398 859 4458 καλ
901 4409 972 4473 igitur
983 4408 1089 4472 assignet
1100 4406 1229 4471 uuicuique
1238 4421 1268 4458 ex
1280 4406 1403 4456 honoratis
1414 4419 1421 4455 ε
1431 4405 1529 4468 reliquis
1540 4417 1584 4466 ego
1593 4417 1689 4454 munus

87 4491 265 4574 φιλοφροσύνην
276 4491 364 4552 ἔλιπον
374 4487 530 4550 ἀνάπαυλαν
538 4489 639 4568 μᾶλλον
646 4491 692 4559 τῆς
699 4491 788 4566 τιμῆς.
810 4489 858 4570 (ιι)

901 4500 957 4550 cula
970 4503 995 4550 et
1009 4498 1112 4549 amicam
1127 4496 1294 4548 mactationem
1317 4495 1411 4559 potius,
1426 4507 1500 4557 quam
1517 4493 1632 4541 honorem
1647 4491 1687 4542 ad·

87 4577 126 4638 'dt
137 4580 163 4642 δὲ
173 4580 348 4664 δυσδιάκριτοι
360 4578 450 4658 μὲν-αλ
460 4577 546 4651 ἀξίαι,
558 4575 680 4637 δύσκολοι
692 4573 720 4636 di
732 4579 756 4636 οἱ
768 4576 859 4659 ἀνδρες
901 4588 980 4640 hiheo.
1012 4587 1075 4652 (λλ)
1092 4584 1184 4645 Quodsi
1199 4597 1270 4650 parea
1287 4583 1336 4634 siut
1352 4581 1479 4644 dignitates
1489 4583 1514 4629 et
1532 4577 1640 4628 difficiles
1656 4579 1687 4629 ad

89 4656 151 4741 ιῖισιν,
163 4669 210 4752 δρα
222 4670 281 4730 τίνα
295 4667 419 4750 μηχανήν
434 4667 534 4748 ἐπάγω.
577 4665 739 4728 Κατακλίνω
753 4663 806 4748 γὰρ
822 4667 858 4736 είς
900 4676 1100 4737 discernendum,
1113 4673 1223 4724 couvirae
1233 4677 1314 4722 autem
1324 4667 1426 4729 morosi;
1436 4665 1493 4716 vide
1502 4679 1574 4729 quam
1585 4679 1628 4728 ego
1640 4679 1687 4716 ma·

88 4754 125 4813 τίν
138 4757 232 4828 ἔνδοξον
247 4737 363 4836 μάλιστα
382 4755 470 4831 τόπον,
488 4756 521 4816 ἀν
541 4754 589 4835 μὲν
607 4747 625 4829 ή
647 4753 751 4837 πατήρ,
765 4760 856 4814 τοῦτον
877 4767 880 4817 t
900 4759 996 4809 chinum
1008 4757 1159 4807 admoveam.
1192 4748 1393 4803 {funestissimum
1404 4747 1484 4796 locum
1493 4745 1574 4795 tribuo
1584 4747 1655 4811 patri,
1666 4747 1686 4796 si

59 4839 216 4922 ῧάρίρεψχ·
235 4851 259 4907 εἰ
276 4847 303 4908 δὲ
323 4846 375 4927 μὴ,
391 4845 510 4920 πάππον,
531 4844 549 4917 ἢ
567 4820 700 4928 hastaples,
720 4843 738 4916 ἦ
759 4843 857 4926 πατρὸς
877 4827 879 4925 )
900 4846 976 4907 adsit,
986 4858 1036 4908 prae
1045 4843 1145 4905 ceteris3
1156 4840 1366 4900 sinminusmro,
1377 4837 1419 4885 arnt
1428 4838 1573 4898 socero,aut
1586 4841 1684 4900 patruo,

91 4932 196 5017 ἀδελφὸν,
209 4937 227 5010 ή
241 4961 298 4995 τινα
312 4941 364 4996 τῶν
378 4934 589 5016 ὁμολογουμένην
599 4932 645 4994 καί
660 4931 728 4992 ίδίαν
742 4931 856 5013 ἐχόντων
877 4938 879 4985 ἰ
900 4937 943 4986 aut
960 4933 1030 4983 alicui
1049 4930 1153 4994 denique
1170 4928 1210 4978 cui
1229 4924 1293 4990 apud
1312 4925 1491 4975 convivatorem
1510 4924 1636 4988 peculiaris
1653 4923 1685 4974 sit

91 5023 152 5101 cupi
163 5031 199 5108 τῷ
217 5023 349 5108 δεχομένῳ
363 5031 441 5104 τιμῆς
456 5029 601 5106 ὑπεροχήν·
617 5027 648 5082 ἐκ
664 5025 716 5081 τῶν
734 5019 856 5104 Ὁμήρου
877 5002 879 5105 ί

91 5108 115 5165 τό
128 5110 244 5193 θεώρημα
257 5119 334 5174 τοῦτο
350 5112 494 5192 lepidius
507 5109 683 5185 καθηκόντων.
738 5109 784 5188 (ιν)
801 5109 856 5170 Καί

92 5193 133 5276 γλ)
146 5202 196 5260 ἐκεῖ
207 5200 334 5274 δήπουθεν
348 5205 362 5261 ὁ
381 5199 514 5281 Ἀχιλλεὺς
528 5199 573 5259 τὸν
592 5197 730 5260 Μενελεων
748 5198 794 5256 καί
811 5197 855 5257 τὸν

62 5297 83 5337 to
94 5281 223 5370 Ἀντίλοχον
235 5289 297 5375 περ)
311 5293 364 5350 τῶν
378 5288 527 5376 δευτερείων
543 5292 590 5361 τῆς
601 5284 776 5369 ἱπποδρομίας
789 5289 856 5368 δρῶν
876 5273 879 5288 ¹

900 5022 1011 5089 quaedam
1027 5022 1052 5071 ct
1070 5018 1197 5070 manifesta
1216 5013 1315 5067 honoria
1333 5013 1499 5078 praerogativa.
1532 5014 1610 5077 quue
1625 5011 1685 5063 arleo

900 5111 1062 5165 commentum
1072 5120 1148 5159 unum
1168 5106 1244 5158 eatde
1252 5105 1361 5169 iia,quoe
1369 5117 1400 5154 ex
1410 5102 1507 5154 Homeri
1517 5103 1615 5167 pulchre
1623 5113 1683 5165 prae·

877 5243 879 5248 ,
899 5209 975 5270 ceptis
988 5203 1156 5253 desumuntur.
1190 5197 1249 5266 (tn)
1260 5198 1298 5249 lbl
1309 5197 1374 5248 euim
1389 5195 1493 5246 Achillae
1504 5207 1579 5258 quum
1591 5191 1684 5240 videret

900 5290 1034 5344 Menelaum
1055 5291 1080 5340 et
1098 5285 1252 5338 Antilochum
1270 5284 1301 5336 de
1319 5281 1438 5350 οηιιοελτλο
1453 5279 1561 5331 uictoriae
1576 5274 1682 5330 εοοιιιιιλο
