3766 5848
464 461 518 525 DE
537 459 712 524 numnis
732 461 1062 523 PHILOSOPHORUM
1081 463 1155 524 LIB.
1178 465 1216 526 V.
1576 475 1651 532 tior

56 606 154 689 σπέρμα
167 599 314 687 προίεσθαι,
327 599 346 676 ἢ
359 600 435 685 παρὰ
445 599 488 675 τδ,
500 600 609 663 ἔλαττον
622 609 668 663 τοῦ
683 601 795 675 δέοντος,
809 599 826 673 ῆ
868 610 976 673 nullum,
985 611 1097 676 veljusto
1104 613 1187 662 minus
1195 625 1276 664 semen
1286 614 1394 676 errnittet,
1406 618 1449 664 aut
1458 615 1519 679 tole,
1529 603 1568 666 eu'i
1580 617 1653 682 prolis

57 695 95 758 διδ
105 695 133 754 τδ
143 699 263 766 τοιοῦτον,
278 694 304 750 έν
320 683 343 774 ᾧ
353 693 383 750 τὸ
397 690 582 765 ζωοποιητικδν
595 693 643 751 οθκ
657 690 739 751 ἔστιν·
754 690 771 762 ἢ
787 688 830 748 διὰ
869 699 992 762 gignendo
1002 701 1038 750 ris
1049 715 1098 751 uon
1108 702 1178 765 insit;
1190 708 1232 752 eut
1240 703 1272 752 ob
1281 703 1398 765 colorem,
1408 707 1450 753 eut
1460 704 1549 767 irigus,
1558 708 1601 756 aut
1612 706 1653 757 hu·

56 782 201 868 θερμασίας,
212 779 230 854 ip
243 780 358 862 ψόξεως,
373 777 391 851 ῆ
406 777 574 862 θγρασίας,ή
589 778 729 862 ξηρότητος
739 780 829 858 [πλεο-
870 789 1016 852 miditatem,
1027 795 1069 840 sut
1084 791 1216 842 siceitatem
1226 791 1265 842 vel
1276 791 1375 842 nimium
1388 792 1426 844 vel
1435 791 1600 857 eeuemten,
1612 799 1654 846 not

55 872 146 950 νασμδν
157 869 186 950 ῆ]
201 868 310 943 ἔνδειαν,
326 866 343 940 ἢ
359 867 427 928 ’κατὰ
442 868 591 949 παράλυσιν
605 872 657 928 τῶν
676 866 784 948 μορίων.
869 877 901 927 olo
912 877 1081 930 resolutionem
1090 879 1204 944 partium.

31 981 42 1020 ι
90 983 111 1022 n.
130 962 164 1020 0t
185 958 212 1016 δέ
229 956 358 1032 Στωϊκοὶ,
372 956 440 1018 κατὰ
451 955 579 1030 λοξότητα
598 964 645 1017 τοῦ
659 960 772 1032 καυλοῦ,
791 956 828 1038 μή
901 977 924 1020 2.
943 971 1031 1032 Stoiei,
1051 973 1217 1036 obliquitatem
1229 975 1329 1037 veretri,
1347 975 1414 1040 quod
1429 989 1478 1026 nou
1495 974 1573 1039 possit
1590 977 1655 1024 recta

55 1047 187 1126 δυναμένου
212 1047 256 1106 τὸν
271 1046 345 1128 γόνον
360 1044 521 1106 εθθυόολεῖν·
534 1043 551 1118 ή
565 1045 640 1131 παρὰ
653 1045 683 1106 τδ
705 1044 829 1124 άσόμμε-
869 1059 981 1121 ejsoulsri
989 1073 1086 1111 semen:
1097 1066 1139 1112 sut
1148 1063 1321 1126 quiumembru
1330 1064 1471 1116 coeuntium
1480 1064 1583 1114 nonsint
1592 1063 1655 1114 iuter

52 1161 108 1218 ερον
119 1141 170 1195 τῶν
184 1136 290 1215 μορίων,
306 1139 340 1203 ὥς
353 1134 419 1216 πρὸς
432 1133 479 1208 vlu
495 1135 640 1196 ἀπόστασιν
657 1139 704 1208 τῆς
719 1134 829 1218 μήτρας·
870 1161 896 1198 se
907 1148 1012 1211 legitimo
1024 1152 1177 1215 proportione
1185 1153 1280 1202 conditu
1289 1153 1320 1203 ed
1332 1153 1439 1206 nutricis
1450 1153 1600 1206 distantiam.

88 1247 108 1288 ³·
128 1225 345 1308 Ἐρασίστρατος,
366 1224 440 1307 ντοῑρδι
461 1223 509 1297 'fil
528 1225 641 1305 μήτραν,
660 1223 723 1284 ὅταν
738 1221 830 1290 τύλους
901 1243 924 1289 θ.
942 1240 1114 1302 Erasistratus,
1129 1241 1171 1291 ubi
1183 1243 1256 1292 vulva
1267 1243 1342 1294 cellos
1350 1245 1508 1305 contraxerit,
1520 1233 1655 1294 euicerun-

54 1315 111 1398 έχη,
124 1316 168 1374 καλ
182 1313 334 1398 σαρκώδης,
348 1312 365 1388 ’λ
381 1312 521 1397 ἀραιοτέρα
533 1306 550 1396 ᾖ
562 1319 608 1374 τοῶ
623 1312 692 1373 κατὰ
707 1309 793 1394 φύσιν,
811 1309 829 1384 ῆ
871 1325 928 1390 sior,
940 1327 1059 1393 rariorre,
1071 1330 1114 1380 eut
1124 1330 1202 1382 minor
1212 1331 1285 1383 inerit
1295 1345 1370 1396 quum
1380 1334 1563 1396 memsexipat

23 1419 44 1459 ιο
53 1401 195 1486 μικροτέρα.

160 1534 191 1598 l'.
216 1537 280 1604 Πῶς
292 1534 388 1614 δίδυμα
402 1534 449 1594 καλ
460 1533 574 1617 τρίδυμα
587 1536 697 1614 γίνεται.
947 1542 978 1590 x.
995 1541 1123 1600 οιιοικοςθο
1131 1545 1226 1606 penitet
1236 1543 1409 1608 et'terpemtni
1421 1549 1578 1600 noscantur.

87 1697 105 1737 1.
124 1677 324 1756 Ἐμπεδοκλῆς,
339 1674 435 1756 δίδυμα
449 1675 495 1736 καί
505 1675 620 1759 τρίδυμα
632 1674 748 1754 γίνεσθαι
760 1673 830 1734 κατὰ
903 1700 924 1745 t.
941 1697 1114 1762 Empedocles,
1131 1701 1241 1764 geminos
1252 1706 1278 1752 et
1296 1703 1441 1766 tergeminos
1457 1704 1521 1768 gigni
1535 1704 1567 1756 οι)
1582 1705 1655 1756 apuu.

52 1764 205 1844 πλεονασμὸν
218 1765 265 1824 καλ
278 1764 452 1849 περισχισμὸν
464 1771 510 1823 ποῶ
524 1762 681 1846 σπέρματος.
869 1783 975 1833 danuam
984 1785 1009 1835 et
1017 1785 1159 1836 divisionem
1169 1787 1275 1838 semipes,

86 1875 106 1916 ε.
127 1853 337 1928 Ἀσκληπιάδης,
350 1851 424 1934 παρὰ
435 1852 483 1925 τὴν
497 1857 549 1918 τῶν
562 1852 723 1933 σπερμάτων
737 1853 829 1933 διαρο-
901 1878 924 1920 n.
942 1871 1108 1935 Asclepiades,
1121 1872 1154 1924 oo
1168 1875 1289 1925 morinum
1299 1877 1479 1940 exceltentiam,
1499 1878 1563 1929 sieut
1574 1879 1657 1932 hordei

24 1969 43 2016 ςς
54 1939 102 2028 ρδν,
115 1939 202 2028 ῶσπερ
214 1941 264 2012 τὰς
278 1939 367 2026 κριθὰς
383 1940 514 2022 διστίχους
528 1940 575 2001 καὶ
588 1940 747 2024 τριστίχους’
763 1930 829 2002 εἶναι
869 1957 1656 2028 spicaeersistuntduolouseuletiemtribusgranorrmrordiuibus:

52 2033 95 2115 γλρ
106 2032 244 2116 σπέρματα
261 2030 440 2112 γονιμώτατα.
869 2059 922 2096 εσσε
934 2047 997 2096 euim
1010 2047 1101 2098 semiue
1111 2049 1299 2100 toemndisstme.

87 2145 105 2184 ι.
125 2121 345 2206 Ἐρασίστρατος,
356 2119 400 2178 διὰ
411 2117 458 2188 τὰς
469 2120 671 2202 ἐπισυλλήψεις,
682 2118 773 2206 ῶσπερ
786 2119 829 2182 έπλ
901 2137 923 2182 θ.
939 2133 1112 2196 Erasistratus,
1124 2134 1156 2184 ob
1167 2135 1388 2198 superimtntiones,
1401 2137 1429 2185 ut
1438 2137 1462 2185 lu
1472 2136 1552 2188 brutis
1564 2151 1658 2200 :quum

52 2215 97 2271 τῶν
106 2211 202 2288 όλόγων
212 2207 302 2292 ζῴων·
313 2206 376 2268 όταν
388 2206 439 2290 γδιρ
450 2211 468 2280 ἡ
479 2207 568 2289 μήτρα
578 2207 618 2282 εἴη
630 2208 828 2291 κεκαθαρμένη,
869 2219 934 2270 euim
944 2221 1033 2270 matrix
1042 2226 1143 2284 purgotn
1152 2226 1203 2283 est,
1216 2225 1275 2272 tune
1286 2223 1508 2285 superioeletiouem
1519 2223 1634 2276 admittit

53 2298 103 2358 τότε
114 2299 286 2382 ἐπισύλληψιν
299 2297 414 2378 δέχεται.

23 2407 44 2450 ιι
86 2409 106 2449 ι.
127 2382 536 2466 οίἳπωῖκολ,παρδτοθςένπῆ
549 2383 828 2466 ρότρςπάπους·ὅταν
901 2407 925 2454 ι.
942 2403 1203 2468 sternentemque
1215 2403 1406 2454 suntmutero:
1419 2405 1658 2469 quumeniminpri·

54 2475 118 2558 [γὰρ]
131 2481 165 2545 οἷς
184 2481 292 2560 πρῶτον
312 2473 359 2534 κοιλ
373 2473 490 2555 δεύτερον
506 2472 609 2554 ἐμπέσῃ
633 2473 687 2554 [πθ]
709 2473 829 2557 σπέρμα,
870 2505 938 2542 mum
949 2492 1021 2542 εθιιιιιλ
1033 2497 1058 2543 et
1068 2492 1204 2544 seeundum
1213 2492 1326 2546 inciderit
1336 2506 1433 2556 semen,
1446 2498 1503 2546 ituro
1512 2493 1564 2546 ieri
1577 2507 1657 2558 super·

55 2566 103 2623 τότε
116 2565 229 2644 γίνεσθαι
243 2562 292 2632 τδις
305 2561 491 2644 ἐπισυλλήψεις
501 2561 548 2622 καλ
561 2559 596 2621 τὰ
605 2562 728 2643 τρίδυμα.
871 2578 1017 2630 testationem
1027 2583 1052 2629 et
1063 2580 1208 2642 tergeminos
1219 2580 1294 2632 nnsoi.

87 2705 141 2772 [θ’.
156 2709 243 2770 Πόθεν
256 2706 373 2789 γίνονται
386 2709 438 2765 τῶν
451 2704 547 2784 γονέων
562 2705 614 2785 [σί]
630 2705 769 2784 θμοιιθσεις
782 2706 827 2767 καί
870 2717 914 2765 xl.
932 2719 995 2774 Qooe
1005 2728 1101 2774 causo,
1115 2715 1186 2781 qood
1197 2711 1283 2780 proles
1296 2719 1438 2780 pareutum
1450 2719 1499 2767 oet
1509 2718 1590 2766 etiam
1599 2728 1657 2780 pro·

341 2799 393 2855 τῶν
407 2793 549 2876 προγόνων.
1025 2807 1175 2866 penitorum
1185 2797 1494 2865 similtiudtnon'reseri.

24 2936 45 2978 νν
89 2949 107 2990 1.
127 2928 328 3008 Ἐμπεδοκλῆς,
343 2925 484 3005 ὁμοιότητα
500 2927 616 3006 γίνεσθαι
634 2927 692 2986 κατ’
717 2929 829 3011 ἐπικρά-
905 2945 926 2990 t.
943 2939 1101 3003 Empedocles
1119 2939 1301 2990 similitudinem
1312 2940 1391 2992 desert
1406 2940 1492 2990 semini
1503 2941 1657 3004 praevalenti,

54 3038 116 3076 τειαν
130 3021 180 3077 τῶν
200 3019 390 3097 σπερματικῶν
409 3014 505 3094 γόνων·
521 3013 709 3092 ἀνομοιότητας
723 3013 765 3091 δὲ,
783 3021 830 3088 τῆς
871 3026 1091 3078 dissimitimdmem
1102 3028 1264 3091 evaporetioui
1275 3028 1411 3092 mlorisqui
1424 3027 1448 3079 in
1458 3028 1619 3080 senuneeret.

55 3103 121 3186 ίντῷ
133 3105 269 3189 σπέρματι
282 3101 426 3187 θερμασίας
439 3102 646 3181 ἐξατμισθείσης.

86 3214 106 3254 ²·
127 3193 312 3273 Παρμενίδης,
325 3191 386 3251 ὅταν
401 3191 447 3270 μὲν
462 3192 515 3250 ἀπὸ
524 3198 568 3250 τοῦ
582 3191 665 3260 δεξιοῦ
678 3191 772 3274 μέρους
784 3197 830 3265 τῆς
903 3225 925 3268 t.
941 3217 1103 3278 Parmenides,
1110 3215 1246 3267 sisdextre
1252 3215 1334 3266 ruisse
1340 3216 1408 3280 purte
1414 3229 1497 3267 semen
1505 3221 1658 3281 experiretur,

54 3279 144 3363 μήτρας
155 3287 169 3342 θ
182 3281 262 3363 γόνος
279 3283 424 3361 ἀποκριθῇ,
439 3284 491 3346 τοῖς
509 3279 653 3361 πατράσιν·
666 3277 728 3339 όταν
741 3282 763 3339 δ’
777 3279 830 3340 άπθ
870 3307 981 3368 pap-um
991 3303 1012 3353 si
1023 3317 1037 3352 a
1047 3303 1156 3366 puppa,
1167 3307 1272 3352 meum
1283 3302 1375 3353 gimpa
1384 3303 1458 3353 mci,

24 3374 92 3427 θθτοῶ
107 3373 258 3452 ἀριστεροῦ,
272 3376 328 3436 ταῖς
343 3367 482 3450 μητράσιν.

86 3478 106 3519 ³·
126 3460 159 3521 Οἱ
171 3456 305 3531 Στωϊκοὶ,
320 3457 372 3515 ἀπὸ
386 3453 566 3534 τοῦσώματος
580 3455 641 3516 ὅλον
656 3455 701 3516 ml
716 3460 762 3529 τῆς
778 3459 828 3539 ψο·
903 3479 927 3524 3ι
945 3473 1032 3534 stoici,
1044 3485 1059 3522 e
1071 3473 1123 3523 toto
1134 3485 1233 3536 oorpore
1243 3475 1268 3524 et
1279 3471 1427 3523 anime'ierri
1441 3485 1536 3535 seuseu,
1546 3472 1657 3536 exprimi·

53 3550 96 3624 tie
109 3547 228 3630 ρὲροοθοῑ
241 3544 279 3604 ’τὰ
297 3543 450 3628 νννὲρροννν,
469 3543 515 3603 καλ
529 3542 576 3612 τὰς
592 3542 747 3622 ὁμοιότητος
765 3547 830 3604 ἂνο-
871 3575 919 3628 que
935 3577 966 3614 ex
977 3563 1008 3612 iis
1019 3562 1202 3624 similitudines,
1217 3561 1331 3612 nimirum
1342 3559 1458 3622 imagines
1470 3563 1495 3612 et
1506 3560 1595 3622 efligies
1604 3574 1659 3622 gen·

55 3633 202 3694 πλάττεσθαι
217 3634 242 3704 ti
259 3635 361 3702 αὐτῶν,
371 3634 423 3690 τῶν
437 3635 517 3709 γενῶν
532 3628 592 3699 τοὺς
604 3631 700 3699 τόπους
711 3631 757 3692 καί
771 3631 830 3701 τοθς
870 3651 946 3712 tium,
959 3649 1055 3714 perinde
1071 3653 1143 3711 etque
1155 3649 1175 3698 si
1187 3649 1264 3712 pictor
1275 3646 1310 3696 rei
1326 3649 1462 3710 eonspeetee
1475 3645 1657 3696 similitudinem

56 3728 225 3802 popel-epse,
235 3718 385 3801 ὡσπερανεὶ
398 3718 533 3801 ζοιγροῗρον
546 3718 599 3778 ἀπὸ
611 3719 707 3797 ὁμοίονν
719 3721 829 3801 χρωμά·
871 3737 992 3789 mloribus
1000 3735 1229 3786 similibusreieret:
1263 3733 1296 3797 (i)
1306 3733 1421 3795 proetereu
1429 3745 1444 3780 e
1452 3731 1551 3782 munere
1561 3744 1658 3794 quoque

30 3815 100 3866 θτων
112 3810 195 3870 εἰκόνα
206 3817 254 3871 τοῦ
271 3806 448 3889 βλεπομένου·
491 3809 521 3886 (ι)
535 3802 672 3888 προίεσθαι
686 3806 714 3866 δὲ
725 3808 770 3868 καὶ
781 3809 829 3882 τήν
871 3821 1171 3886 semenemitti:quodsl
1185 3820 1328 3886 prevalent,
1345 3818 1463 3880 metri3si
1478 3818 1536 3881 viri,
1554 3818 1658 3882 patriai.

55 3902 155 3972 γυναῖκα
165 3897 287 3981 σπέρμα·
297 3895 346 3957 κᾶν
358 3895 405 3975 μὲν
417 3896 582 3977 ἐπικρατήσῃ
594 3893 682 3968 τὸτῆς
695 3897 829 3973 γυναικὸς,
871 3912 951 3962 milem
960 3911 1026 3962 ursei
1039 3909 1132 3960 iustum.

55 3982 134 4062 ὅμοιον
152 3979 218 4047 εἶναι
233 3986 264 4046 τθ
279 3983 438 4064 γεννώμενον
455 4005 488 4066 τη
510 3982 605 4066 μητρί·
620 3983 665 4042 έθιν
686 3983 713 4043 δέ
735 3983 764 4044 τὸ
784 3992 828 4046 τοῦ

57 4072 149 4158 θνδρδς,
162 4079 200 4157 τῷ
215 4073 303 4158 ἀνδρί.

89 4203 141 4271 ΙΒ’.
161 4211 225 4278 Πῶς
245 4206 335 4276 ἄλλοις
348 4204 463 4285 γίνονται
484 4203 583 4280 ὅμοιοι,
602 4203 648 4265 καλ
666 4205 695 4262 οὐ
712 4207 765 4272 τοῖς
781 4227 829 4284 γο-
870 4221 925 4271 ΧΠ.
943 4213 1071 4276 Quooeodo
1083 4213 1214 4271 oliorum,
1228 4209 1658 4277 uonporeotom,fomortmtter

23 4311 47 4360 υ
369 4297 464 4354 νεῦσιν.
1235 4300 1318 4364 fiant.

51 4481 52 4484 ,
89 4441 110 4487 1.
130 4427 165 4488 Oi
179 4423 228 4506 μέν
238 4427 358 4485 πλεῖστοι
377 4427 429 4485 τῶν
443 4426 549 4508 ἰατρῶν,
561 4425 675 4504 τυχικῶς
688 4421 734 4482 καί
749 4425 829 4482 edep-
904 4430 925 4474 ι.
938 4423 1086 4475 Medicorum
1094 4419 1203 4485 plerique
1214 4416 1314 4466 termus
1326 4414 1526 4478 eosu,nimirum
1535 4413 1656 4476 refrigere·

56 4511 136 4585 μέσως
154 4517 184 4574 θκ
197 4519 242 4575 τοῶ
265 4513 326 4574 όταν
348 4515 481 4596 διαψυχθῇ
501 4511 532 4572 τθ
546 4511 651 4592 σπέρμα
672 4509 718 4569 καλ
736 4509 767 4570 τδ
785 4517 830 4571 τοῦ
871 4513 902 4564 tis
912 4514 985 4563 meris
994 4513 1018 4562 et
1029 4505 1277 4567 leminesominlbus,
1289 4503 1431 4554 dissimilem
1442 4501 1506 4565 gigni
1514 4500 1604 4565 prolem
1612 4513 1656 4564 pu·

55 4601 138 4746 ψρψρδς
150 4603 195 4663 καλ
212 4602 243 4662 τδ
256 4608 304 4676 τῆς
316 4601 449 4682 γυναικός,
465 4600 576 4680 ἀνόμοια
590 4599 706 4680 γίνεσθαι
719 4596 753 4658 τά
767 4624 831 4659 παι·
871 4603 931 4651 iani·

23 4795 44 4836 ιι
90 4799 110 4838 ι.
132 4778 329 4858 Ἐμπεδοκλῆς,
347 4783 381 4860 τῆ
399 4776 469 4839 κατὰ
485 4777 534 4851 τήν
550 4777 678 4860 ου’λληψιν
699 4775 830 4860 ραντασίρ
902 4783 925 4827 2.
938 4772 1103 4839 Empedocles,
1111 4769 1279 4835 imaginatione
1289 4765 1395 4816 mulieris
1402 4759 1655 4825 iuterrouolpiendum

54 4867 96 4936 τῆς
108 4866 227 4944 γυναικὸς
242 4873 405 4949 μορφοῦσθαι
417 4863 452 4926 τθι
467 4865 564 4951 βρέφη·
579 4865 705 4932 πολλάκις
724 4867 775 4944 γὰρ
794 4866 831 4923 sl·
870 4865 968 4916 formeri
982 4863 1066 4912 ioetum
1077 4876 1084 4910 :
1095 4873 1159 4923 srepe
1170 4858 1234 4909 enim
1250 4854 1365 4916 imagines
1380 4851 1453 4902 etiem
1466 4853 1491 4900 et
1499 4851 1586 4900 stetere
1600 4853 1657 4900 sunt

32 4985 35 4988 ·
55 4951 131 5010 κόνων
145 4953 189 5012 καλ
204 4954 363 5035 ἀνδριάντων
377 4953 529 5037 ἠράσθησαν
542 4961 674 5034 γυναῖκες,
690 4949 737 5011 καλ
752 4950 830 5030 θμοια
871 4951 1038 5004 emulieribus
1049 4949 1167 4999 edomate
1172 4983 1180 5010 ,
1193 4943 1327 5007 similisque
1337 4954 1420 4992 eurum
1435 4938 1514 5003 proles
1532 4938 1558 4988 in
1576 4937 1655 4990 lutem

55 5037 148 5108 τούτοις
158 5039 295 5103 ἀπέτεκον.
871 5037 944 5094 edita.
1464 5113 1470 5128 ι
1562 5115 1567 5126 Ι
1729 5029 1733 5038 “

93 5147 112 5185 e.
133 5133 169 5189 0t
182 5130 312 5204 Στωϊκοί,
324 5131 474 5215 συμπαθείᾳ
486 5135 535 5206 τῆς
545 5127 673 5203 διανοίας,
688 5128 757 5190 κατὰ
769 5131 830 5212 ρευ-
903 5137 926 5182 3.
944 5127 1030 5190 stoici,
1042 5123 1074 5178 ob
1085 5136 1230 5178 eonsensum
1241 5119 1363 5186 quendem
1373 5131 1402 5168 eo
1416 5114 1522 5168 sinuum
1532 5126 1607 5165 enrnu
1622 5111 1656 5163 ni·

24 5231 48 5276 to
59 5211 143 5286 μάτων
159 5217 296 5300 εἰσκρίσεις
311 5218 356 5278 καλ
374 5217 494 5296 ἀκτίνων,
512 5221 559 5279 οὐκ
577 5216 700 5292 εἰδώλων,
715 5218 831 5298 γίνεσθαι
872 5222 1011 5280 lectionem,
1022 5201 1656 5286 θιιιιιιιιιιιειειιιθίοτιιιιι,Ιθοθνννννθνννννιθννονῑννῑια

59 5297 102 5370 νέος
114 5305 234 5379 ἀλλήλων
249 5307 412 5385 ὁμοιότητας.
849 5307 1038 5370 psimilitudines
1049 5303 1118 5357 eillol.

1526 5393 1560 5432 70.
